3870 6488
211 351 278 435 rto
793 366 953 475 boutema¹
966 370 1140 435 nuttriri

212 511 355 577 creatum
379 501 412 574 in
439 508 568 576 aeterna
603 500 736 576 raritate
759 512 910 597 unquam
944 507 977 577 in
1008 506 1129 578 ratione
1159 503 1375 597 intelligendi,
1396 502 1562 580 mediante
1585 502 1713 580 taeniae

210 622 465 711 naturalium
496 622 655 692 medianto
683 623 768 693 Deus
798 630 846 694 est
869 623 1042 695 intellectui
1073 626 1154 694 ratio
1177 625 1371 714 intelligendi
1402 628 1606 712 naturaliter,
1630 629 1718 699 sicut

211 739 259 809 sol
281 745 331 808 est
352 739 446 808 oculo
467 739 624 829 corporali
648 740 729 807 ratio
752 740 898 824 ridendi,
923 729 1091 812 mediante
1104 760 1163 811 suo
1185 742 1307 812 lumine
1329 744 1497 832 corporali.

300 857 331 924 t.
356 855 399 924 ld
423 854 504 924 illud
527 855 613 944 quod
638 855 834 943 arguebatur
857 862 989 945 quarto,
1015 858 1102 947 quod
1125 857 1204 927 nihil
1228 858 1370 947 intelligo
1397 859 1586 929 naturaliter
1610 860 1644 928 in
1667 860 1719 929 lu-

211 972 297 1041 minc
320 971 574 1060 supernaturali,
597 972 721 1061 etipsa
744 972 860 1041 veritas
887 980 1016 1043 aeterna
1048 974 1302 1062 supernaturalis
1331 983 1381 1044 est
1403 982 1481 1058 etc.;
1512 976 1601 1057 dico,
1625 978 1716 1065 quod

212 1087 272 1156 etsi
295 1087 413 1155 veritas
435 1093 565 1155 aeterua
596 1086 799 1156 transcendat
819 1088 1028 1175 cognitionem
1060 1086 1240 1161 naturalem
1267 1090 1445 1160 intellectus
1476 1092 1574 1161 creati
1605 1093 1718 1180 quoad

212 1203 289 1287 hoc,
311 1203 398 1293 quod
421 1203 463 1271 ab
485 1202 648 1272 intellectu
671 1210 778 1273 creato
800 1222 862 1273 nou
885 1212 989 1294 potest
1011 1205 1200 1275 naturaliter
1219 1207 1365 1294 cognosci
1389 1207 1596 1289 immediate,
1621 1207 1720 1278 ctare

211 1326 244 1388 et
266 1321 303 1387 ia
325 1318 479 1408 spaciati-
504 1327 625 1402 tannen,
649 1320 732 1388 sicut
754 1321 858 1389 risum
881 1329 930 1390 est
953 1322 983 1389 in
1015 1339 1148 1412 corpore
1179 1320 1363 1405 solutionis,
1391 1324 1578 1393 naturaliter
1610 1332 1720 1413 potest

211 1439 356 1523 cognosci
372 1435 414 1503 ab
437 1435 598 1504 intellectu
615 1443 722 1505 creato
744 1436 903 1517 mediate,
920 1435 1058 1504 obscure
1080 1445 1112 1505 et
1127 1437 1164 1505 in
1183 1437 1354 1526 paterae,-
1377 1445 1408 1506 et
1423 1440 1529 1528 quoad
1549 1440 1610 1509 boc
1625 1439 1721 1508 intel·

211 1554 313 1624 lectus
336 1564 463 1623 creatus
484 1553 673 1624 naturaliter
696 1562 798 1645 potest
821 1572 1010 1641 cognoscere
1041 1571 1154 1624 rerum
1183 1560 1327 1624 creatum
1351 1572 1409 1643 per
1429 1572 1503 1622 eam
1534 1555 1719 1624 meandum

211 1670 392 1740 interiorem
416 1671 551 1758 gradum
576 1669 770 1756 cognitionis.
784 1708 828 1719 -
845 1671 885 1738 Et
903 1679 1098 1757 praeterea,
1121 1671 1153 1741 in
1178 1677 1335 1760 quantum
1365 1671 1585 1758 cognoscimus
1610 1672 1643 1739 iu
1669 1671 1720 1739 lu-

212 1790 297 1858 mine
321 1788 473 1870 naturali,
496 1805 685 1874 cognoscere
700 1787 839 1857 dicimur
862 1788 893 1857 in
910 1806 964 1870 ea,
989 1789 1071 1857 sicut
1086 1788 1224 1858 dicimur
1246 1788 1356 1858 videre
1379 1788 1411 1857 in
1427 1789 1511 1871 sole,
1534 1789 1610 1879 quia
1626 1788 1719 1858 vide

211 1905 341 1975 masin
366 1905 485 1973 lumine
508 1904 597 1986 solis;
622 1904 730 1972 lumen
754 1904 837 1973 enim
861 1905 1007 1973 naturale
1033 1904 1082 1974 'est
1104 1904 1135 1972 in
1159 1904 1250 1973 nobis
1280 1924 1300 1972 a
1322 1904 1455 1973 veritate
1479 1912 1627 1987 aeterna,
1660 1904 1721 1974 ali·

211 2021 338 2110 qualis¹
372 2019 547 2089 similitudo
568 2019 727 2103 existens,
751 2020 875 2089 modica
898 2027 1021 2102 tauren,
1045 2020 1187 2090 recitatis
1210 2028 1367 2089 aeternae.

301 2143 330 2209 u.
356 2141 399 2208 ld
424 2139 504 2207 illud
535 2138 621 2226 quod
652 2138 848 2225 arguebatur
878 2138 1006 2226 quinta,
1037 2138 1123 2229 quod
1146 2139 1238 2206 ratio
1260 2137 1479 2226 cognoscendi
1500 2144 1549 2207 est
1571 2137 1719 2224 primum

211 2258 391 2345 cognitum
414 2256 474 2324 ista
496 2255 669 2344 propositio
691 2253 770 2323 ialsa
792 2261 858 2336 est,
882 2253 1040 2341 loquendo
1063 2254 1103 2323 de
1128 2254 1249 2322 ratione
1274 2252 1482 2341 cognoscendi
1499 2270 1556 2341 per
1581 2252 1719 2321 modum

210 2371 352 2461 formae.
376 2370 556 2440 Similitudo
579 2371 662 2438 euim
680 2387 788 2451 rosae,
811 2378 956 2458 quaeest
980 2366 1179 2438 intellectui*
1203 2387 1274 2437 meo
1289 2369 1371 2438 ratio
1393 2367 1589 2456 intelligendi
1610 2353 1723 2436 essen?

212 2490 287 2557 tiam
312 2504 420 2569 rosae,
444 2506 506 2555 uon
530 2493 578 2555 est
601 2487 705 2577 primo
735 2486 893 2555 intellecta
915 2486 956 2553 ab
978 2485 1140 2554 intellectu
1163 2503 1251 2566 meo,
1275 2484 1331 2553 sed
1359 2485 1430 2571 ipsa
1452 2484 1589 2553 essentia
1611 2502 1717 2552 rosae.

213 2605 249 2673 Et
272 2604 333 2672 boc
355 2610 479 2672 certum
503 2608 551 2670 est
573 2601 613 2670 de
637 2601 796 2670 intellectu
819 2601 986 2670 coniuncto
1009 2601 1134 2692 corpori
1157 2599 1368 2686 corruptibili.
1393 2599 1456 2686 ligo
1478 2598 1563 2668 euim
1587 2600 1718 2680 nescio,

211 2719 451 2788 similitudinem
476 2716 566 2787 rosae
588 2735 659 2786 esse
682 2718 714 2786 in
737 2716 900 2785 intellectu
923 2735 1012 2798 meo,
1035 2716 1094 2785 nisi
1119 2717 1211 2805 quasi
1234 2713 1504 2803 argumentando:
1528 2715 1605 2802 quia
1628 2716 1718 2783 enim

212 2835 352 2923 intelligo
383 2835 552 2905 essentiam
576 2852 683 2916 rosae,
705 2842 736 2903 et
752 2834 831 2915 scio,
855 2833 941 2922 quod
957 2851 1019 2901 non
1043 2839 1091 2901 est
1105 2850 1256 2919 praesens
1280 2831 1452 2901 intellectui
1483 2848 1572 2913 meo,
1594 2849 1638 2900 ex
1655 2832 1721 2900 hoc

211 2951 345 3022 devenio
375 2951 407 3019 iu
449 2951 608 3032 notitiam,
645 2951 731 3038 quod
775 2949 878 3018 babeo
914 2950 984 3018 eius
1018 2948 1267 3019 similitudinem.
1304 2948 1503 3028 Praeterea,
1538 2947 1719 3015 similitudo

212 3067 328 3137 coloris
350 3074 398 3135 est
421 3067 501 3134 ratio
526 3066 606 3134 risui
630 3084 702 3133 rneo
727 3064 853 3134 ridendi
877 3064 1034 3146 colorem,
1057 3070 1089 3132 et
1112 3082 1174 3132 nou
1199 3062 1337 3131 videtur.
1368 3062 1456 3133 Unde
1479 3061 1559 3131 illud
1577 3062 1719 3131 verbum

211 3183 387 3252 tricennae
411 3182 504 3251 debet
525 3180 653 3270 exponi.
677 3181 756 3249 Cum
780 3180 864 3249 enim
890 3179 975 3261 vult,
999 3178 1085 3269 qnod
1110 3178 1189 3247 illud
1214 3179 1300 3267 quod
1324 3178 1517 3247 describitur
1539 3179 1571 3246 iu
1601 3179 1721 3247 instru-

212 3305 319 3366 menta
342 3314 471 3379 sensus,
495 3304 543 3367 est
565 3296 705 3384 primum
729 3303 909 3376 sensatum,
932 3295 1027 3364 debet
1049 3295 1094 3364 sio
1114 3294 1248 3383 exponi:
1272 3295 1358 3383 quod
1389 3300 1438 3364 cst
1460 3294 1620 3382 primum,
1648 3313 1719 3381 per

212 3413 302 3504 qaod
322 3413 438 3495 sentio;
460 3413 607 3482 similiter
629 3413 738 3482 lumen
762 3411 924 3494 naturale,
948 3411 1069 3479 ratione
1092 3411 1185 3481 cuius
1209 3410 1298 3479 dicor
1321 3410 1498 3497 intelligere
1529 3410 1561 3478 iu
1583 3417 1720 3478 aeterna

212 3530 363 3611 veritate,
385 3547 448 3596 uon
470 3537 518 3598 est
540 3547 560 3596 a
582 3546 634 3597 me
657 3527 824 3616 primurn·
852 3527 1062 3609 intellectum,
1085 3526 1141 3595 sed
1165 3532 1213 3594 est
1236 3525 1334 3608 illud,
1351 3544 1416 3615 qao
1431 3544 1490 3612 ego
1505 3525 1609 3612 primo
1625 3526 1721 3594 intel·

211 3644 276 3731 ligo
297 3641 498 3732 formaliter.
530 3643 618 3713 Unde
653 3644 720 3731 ipsa
754 3642 872 3711 veritas
894 3649 1023 3711 aeterna
1057 3643 1177 3711 rationo
1200 3641 1287 3711 illius
1321 3641 1477 3710 naturalis
1511 3641 1642 3711 luminis
1664 3652 1720 3712 est

211 3761 290 3829 mihi
314 3760 395 3828 ratio
418 3759 634 3848 intelligendi:
662 3767 711 3828 est
741 3759 858 3847 prima
880 3776 938 3847 per
960 3759 1229 3847 comparationem
1251 3757 1300 3826 ad
1332 3756 1530 3825 intellectam
1558 3758 1720 3840 meam⁴,·

211 3876 388 3945 secundum
423 3877 508 3944 enirn
542 3874 628 3963 quod
664 3874 753 3944 dicor
786 3874 961 3962 intelligere
995 3892 1109 3944 rerum
1132 3881 1276 3943 creatum
1308 3893 1365 3962 per
1404 3880 1567 3943 aeternam
1602 3873 1723 3942 verita-

212 3999 276 4062 tem
299 3993 382 4061 sicut
398 4011 455 4080 per
477 3992 598 4079 aliquid
615 3992 800 4079 cognitam,
817 3992 862 4060 sic
886 3992 1003 4060 veritas
1023 3998 1152 4060 aeterna
1168 4008 1230 4059 nou
1253 3997 1302 4058 cst
1317 3989 1490 4059 intellectui
1514 4008 1584 4059 meo
1598 3989 1722 4079 prima

212 4108 292 4177 ratio
315 4107 510 4194 intelligendi
530 4126 592 4198 per
615 4127 650 4175 oc
671 4116 703 4176 et
719 4107 928 4188 lanceatam·
949 4106 1042 4195 quia,
1066 4106 1149 4175 sicut
1164 4105 1348 4188 dicebatur,
1371 4123 1414 4174 ex
1437 4106 1613 4192 cognitione
1630 4124 1722 4176 crea-

211 4229 304 4292 turae
326 4223 528 4293 ascendimus
552 4223 740 4292 naturaliter
763 4224 802 4293 ad
827 4223 1037 4311 cognitionem
1054 4222 1226 4303 Creatoris;
1249 4221 1336 4291 unde
1359 4221 1428 4310 ipsa
1443 4222 1561 4291 veritas
1583 4229 1720 4293 aeterua

211 4357 274 4407 non
297 4345 345 4408 est
368 4338 509 4427 primum
532 4339 693 4426 cognitum
716 4358 736 4406 a
758 4338 858 4407 nobis.
883 4338 1024 4407 Primum
1047 4338 1132 4406 eninr
1156 4338 1316 4426 cognitum
1339 4356 1359 4406 a
1388 4338 1480 4406 uobis
1509 4345 1558 4406 est
1576 4358 1722 4426 genera·

212 4453 343 4523 lanima
366 4454 501 4523 intentio
524 4455 624 4536 cntra,
647 4461 744 4543 prout
766 4454 842 4524 dicit
857 4455 934 4544 quid
958 4473 1128 4525 commune
1150 4454 1349 4544 analogum,
1365 4475 1433 4523 non
1455 4455 1655 4537 univocam,
1672 4460 1721 4528 ad

211 4589 305 4640 omne
328 4589 403 4654 cns,
427 4578 492 4639 tam
508 4578 650 4641 creatum
668 4589 765 4659 quam
782 4572 958 4641 increatum
967 4595 976 4653 ;
992 4570 1048 4641 sed
1065 4589 1140 4641 cum
1156 4569 1357 4658 specificatur
1373 4571 1433 4639 ista
1448 4571 1589 4653 intentio,
1613 4572 1721 4659 prius

211 4725 256 4738 -
279 4687 468 4757 naturaliter
482 4687 642 4778 loquendo
664 4726 709 4739 -
731 4687 894 4757 descendit
909 4687 1065 4758 naturalis
1091 4686 1227 4776 cognitio
1249 4687 1282 4755 iu
1304 4704 1362 4756 ens
1388 4694 1552 4771 oreatum3
1575 4688 1717 4759 tandem

302 4983 311 5021 l

301 4983 570 5151 nimbata,
591 5088 617 5137 et
635 5080 731 5137 danda
747 5078 889 5154 arguendo
907 5094 957 5152 pro
975 5078 1202 5154 mpummtanda.

300 5178 314 5217 ⁸
331 5182 352 5235 Α
371 5187 493 5248 corrupto
510 5192 641 5251 praesent
657 5178 809 5236 bitettectai

302 5276 360 5333 ‘ld
379 5284 432 5348 cst,
451 5280 476 5333 ln
496 5278 589 5334 ordine
608 5279 764 5351 anteloglco.
