3870 6488
293 359 335 429 bb
901 368 1178 418 ursssrrraruo.

292 502 479 569 vestimento
502 498 605 566 induit
628 494 802 584 spiritualis
832 493 955 562 ordinis
976 499 1072 580 adpre
1106 491 1298 579 quibusdam
1335 490 1583 578 proprietatibus
1611 490 1789 571 iemalibus,

290 634 373 705 qtrao
396 634 458 683 oon
480 612 672 683 conveniunt
693 609 797 678 ordini
825 615 972 679 concreto
995 624 1105 675 rerum
1130 605 1359 686 materialium,
1383 605 1440 675 sed
1463 605 1569 693 potius
1602 606 1708 673 ordini
1740 626 1788 675 rc

289 751 362 800 111
386 728 653 799 immaterialium.
677 728 787 796 llerito
811 726 908 813 igitur
930 724 1051 812 antiqui
1075 723 1257 791 Sclrolastici
1280 741 1322 791 ex
1346 723 1397 790 bis
1418 730 1557 789 octavum
1592 722 1788 792 intellec-tua·

288 848 366 917 lium
391 846 649 936 proprietatibus,
672 863 756 933 quaa
780 838 1325 911 1111111111111111111111111111
1349 839 1478 907 orrvnino
1500 838 1722 926 superiorem,
1736 859 1785 907 ar-

287 973 475 1052 gumentum
498 962 707 1032 lectissimum
730 961 910 1029 formabant
931 958 972 1028 ad
996 957 1193 1046 probandam
1217 956 1472 1043 spiritualitatem
1502 964 1535 1025 et
1569 957 1785 1025 immortalila-

287 1090 350 1149 tem
374 1080 498 1149 :anirnae
521 1079 690 1147 humanae.
714 1077 794 1148 llaec
815 1094 917 1164 pauca
940 1080 972 1143 et
994 1071 1153 1160 generalia
1176 1071 1260 1141 dicta
1283 1071 1346 1141 sint
1367 1070 1409 1139 de
1442 1072 1547 1155 niodo,
1570 1090 1636 1159 quo
1670 1074 1783 1142 transit

286 1216 378 1267 mem
398 1196 440 1264 ab
461 1195 574 1264 ordine
596 1192 684 1262 reoli
704 1194 746 1263 ad
769 1192 915 1261 irtcolem.

325 1340 328 1345 ·
375 1312 590 1381 uersantem
613 1311 771 1393 bumana,
795 1312 941 1397 superior
964 1309 1086 1376 mundo
1109 1324 1276 1395 minoren,
1301 1308 1430 1376 inferior
1454 1308 1536 1388 Deo,
1560 1314 1639 1377 teste
1654 1309 1686 1375 S.
1702 1308 1783 1377 Tlm

286 1447 356 1508 nra,
380 1427 411 1494 in
435 1426 541 1495 medio
563 1432 625 1495 stat
647 1424 729 1493 inter
751 1424 909 1493 rutundum
933 1430 965 1491 et
988 1422 1112 1503 beum3
1135 1430 1184 1491 est
1205 1423 1300 1491 etiam
1316 1422 1357 1490 ab
1375 1421 1443 1510 ipso
1464 1430 1608 1509 creatore
1630 1422 1781 1507 lormata,

286 1550 322 1610 nt
346 1562 408 1611 non
431 1550 555 1610 tantum
579 1542 737 1611 mundum
760 1540 998 1629 intelligibiliter
1021 1540 1054 1608 in
1077 1558 1111 1607 se
1134 1539 1281 1629 recipiat,
1305 1540 1360 1609 sed
1385 1540 1491 1627 ipsum
1507 1539 1648 1629 primum
1665 1558 1780 1607 verum

286 1657 460 1727 increatum
485 1665 653 1745 cognoscat
667 1664 698 1726 el
714 1656 833 1727 bonnm
858 1658 1033 1725 increattum
1055 1662 1150 1725 amet.
1173 1657 1254 1744 Quia
1269 1664 1318 1727 est
1333 1658 1436 1743 imago
1447 1657 1526 1739 bei,
1540 1663 1589 1727 est
1604 1654 1661 1725 boi
1676 1676 1780 1745 capam

235 1772 238 1777 '
284 1794 322 1843 ac
345 1776 446 1844 Deum
471 1775 567 1843 babet
589 1792 649 1862 pro
670 1774 793 1843 obiecto
814 1782 846 1843 et
869 1773 1047 1843 intellectus
1069 1781 1101 1843 et
1123 1773 1316 1857 voluntatis,
1338 1774 1386 1843 uti
1410 1792 1509 1861 supra
1539 1772 1603 1841 iam
1625 1772 1780 1843 diximus

285 1892 372 1959 Unde
396 1910 455 1961 nec
476 1890 655 1960 intellectus
677 1908 735 1959 nec
759 1888 906 1959 voluutas
936 1889 1087 1978 impletur
1121 1891 1306 1979 particulari
1340 1891 1448 1979 aliquo
1482 1908 1558 1959 vero
1593 1889 1643 1959 vel
1678 1890 1780 1973 bono,

283 2006 407 2077 etiamsi
431 2006 512 2075 illud
534 2006 576 2075 sit
598 2002 847 2087 nobilissimum,
862 2005 919 2074 sed
935 2014 1071 2093 utraque
1094 2006 1234 2094 potentia
1256 2006 1467 2076 determinata
1481 2012 1782 2087 1111111111-

283 2124 343 2191 dot
366 2130 468 2191 totum
491 2122 637 2193 ordinem
659 2130 802 2191 creatum
825 2140 937 2191 rernm
961 2121 1212 2209 particularium.
1235 2122 1297 2191 lloc
1320 2123 1383 2191 iam
1407 2121 1443 2191 llt
1466 2121 1574 2209 aliquo
1608 2121 1705 2191 modo
1727 2140 1782 2208 ap

283 2236 511 2325 prelrendendo
532 2257 649 2307 oerum
672 2235 861 2305 onireraole
884 2237 915 2305 in
938 2234 1055 2324 genere
1077 2244 1110 2306 et
1131 2239 1310 2326 appetendo
1332 2238 1455 2307 borreum
1477 2238 1685 2319 dolomate,
1701 2257 1780 2308 curn

283 2360 457 2443 utrumqne
480 2350 633 2423 obiectioc
655 2372 717 2421 non
740 2353 858 2421 existat
880 2352 911 2419 in
937 2358 1001 2420 toto
1022 2352 1134 2421 ordino
1159 2371 1268 2422 rerum
1303 2361 1504 2436 creatarum,
1534 2352 1591 2423 sed
1625 2354 1781 2422 radicem

282 2470 418 2555 primam
443 2488 506 2537 non
529 2467 645 2538 babeat
667 2468 728 2538 nisi
752 2468 784 2537 in
808 2468 886 2547 Deo,
909 2468 1031 2555 primo,
1054 2466 1194 2539 increato
1217 2476 1249 2537 et
1272 2468 1393 2538 indulto
1416 2488 1494 2537 vero
1515 2476 1547 2537 el
1573 2468 1666 2537 bono.
1697 2472 1782 2537 atta·

282 2603 355 2653 naen
373 2584 554 2654 universale
570 2583 690 2653 bonum
705 2590 737 2653 el
753 2601 865 2652 verum
883 2584 914 2651 11
928 2583 1002 2665 Deo,
1017 2591 1054 2651 ut
1069 2602 1168 2672 supra
1184 2583 1337 2667 divimus,
1354 2592 1418 2653 tolo
1433 2582 1524 2652 coelo
1538 2582 1650 2673 (differt
1663 2585 1707 2654 ab
1721 2579 1781 2653 illo

281 2700 364 2768 bono
385 2708 417 2772 et
440 2718 517 2769 vero
538 2699 731 2782 universali,
753 2700 841 2788 qnod
864 2716 954 2768 anons
978 2699 1009 2767 in
1033 2700 1145 2787 primis
1168 2700 1236 2769 suis
1257 2700 1382 2769 actibus
1405 2700 1529 2787 attingit
1552 2706 1588 2768 ut
1615 2700 1782 2769 immedia-

282 2824 350 2883 tnm
372 2834 470 2885 suum
493 2816 661 2887 obiectum
686 2815 771 2887 aeus
793 2815 877 2884 enim
901 2834 957 2883 ens
980 2823 1029 2884 est
1061 2815 1370 2885 universalissimum
1393 2816 1490 2885 simul
1523 2823 1555 2885 el
1583 2816 1780 2905 simplicissi-

280 2948 385 3014 mum,
405 2930 619 3001 realissimum
642 2938 691 3013 et,
714 2938 751 2999 ut
774 2931 818 2999 ita
840 2930 961 3012 dicam,
986 2931 1340 2999 incliuiduolisaimum.
1370 2930 1561 3001 Universalc
1583 2940 1691 3001 autem
1707 2952 1779 3019 enS,

281 3064 394 3114 verum
428 3052 460 3114 et
494 3046 612 3115 bunum
638 3047 669 3114 in
692 3046 805 3115 ordine
828 3046 930 3113 illudi
951 3052 999 3114 est
1021 3065 1119 3134 quam
1142 3048 1283 3115 maximo
1307 3048 1586 3118 indeterminatum
1621 3055 1653 3117 et
1682 3054 1779 3137 quasi

279 3179 337 3229 ens
371 3161 576 3229 diminutum.
610 3161 676 3228 Sub
711 3161 770 3229 hac
803 3160 924 3230 ratione
955 3170 1003 3229 est
1037 3161 1291 3231 diversissimum
1325 3164 1476 3252 aprime
1509 3170 1603 3246 ente,
1638 3182 1715 3233 vom
1744 3174 1778 3235 et

279 3276 361 3343 bono
384 3274 476 3361 eiqrro
498 3276 590 3365 quasi
613 3275 803 3363 oppositum.
827 3275 1009 3345 Securrdnm
1032 3285 1139 3345 antem
1155 3280 1310 3366 quasdam
1326 3298 1402 3348 snas
1417 3278 1629 3367 proprietates
1645 3278 1777 3367 ideales,

278 3411 359 3479 qrras
380 3410 480 3479 supra
501 3391 753 3473 nominavimus,
776 3410 854 3479 prae
877 3392 1025 3462 omnibus
1049 3393 1146 3462 rebus
1162 3393 1409 3481 particularibus
1420 3395 1542 3482 primae
1565 3414 1681 3465 causae
1703 3416 1778 3483 pro

277 3508 428 3594 prietates
450 3507 533 3574 vniro
555 3507 724 3594 splendore
747 3506 920 3575 adrunbrat
950 3515 1151 3597 rnorrtemque
1176 3508 1358 3578 immediate
1381 3511 1413 3577 11
1436 3511 1573 3597 primam
1606 3512 1777 3583 veritatem

277 3633 309 3692 et
331 3624 502 3692 bonitatem
526 3623 629 3706 ducit,
652 3625 728 3713 quia
750 3642 864 3692 verum
888 3631 919 3692 et
942 3624 1060 3693 boarum
1086 3625 1275 3707 universale,
1299 3625 1344 3694 uti
1362 3626 1425 3693 iarn
1441 3627 1701 3711 observavimus,
1726 3648 1777 3699 ra·

276 3740 402 3809 dicatur
425 3739 458 3807 in
481 3740 585 3826 primo
607 3740 764 3829 principio
788 3747 819 3808 et
842 3740 931 3809 ducit
955 3740 986 3808 in
1009 3740 1099 3809 illud.
1439 3732 1444 3739 ’

365 3856 456 3942 erod
479 3862 586 3924 antem
616 3855 705 3923 aliud
729 3856 770 3923 sit
800 3874 873 3937 ens,
897 3875 1010 3924 verum
1034 3864 1065 3925 et
1092 3858 1221 3941 lmrrum,
1244 3867 1401 3946 quarnerius
1428 3865 1477 3927 cst
1507 3858 1537 3927 in
1569 3860 1652 3943 Deo,
1681 3861 1774 3931 aliud

275 3978 433 4058 qnatenus
463 3972 616 4058 recipitur
646 3991 665 4039 a
693 3978 798 4041 mento
828 3973 994 4054 inferiore,
1026 3974 1189 4043 rnanileste
1220 3976 1365 4063 seqnitur
1394 3995 1436 4045 es
1474 3976 1638 4064 principiis
1675 3980 1776 4048 inodo

274 4088 538 4157 commemoratis
563 4087 728 4157 Obiectuuv
753 4105 866 4175 nempe
889 4088 1052 4170 divinum,
1084 4089 1115 4156 in
1139 4089 1296 4160 inlinitum
1325 4092 1551 4160 transcendens
1573 4092 1774 4165 intellectum

275 4209 436 4285 creatum,
453 4220 515 4270 uon
531 4209 634 4290 potest
649 4202 746 4291 recipi
769 4202 811 4270 ab
833 4203 944 4271 eodem
962 4204 1020 4272 nisi
1047 4204 1104 4293 ipsi
1125 4214 1395 4294 contemperatum
1420 4207 1461 4275 sit
1483 4208 1514 4275 in
1538 4209 1676 4296 quadam
1701 4230 1776 4299 pro

275 4318 427 4404 portione
444 4317 528 4385 llano
543 4326 651 4385 autem
667 4318 905 4406 proportionem
920 4338 981 4388 non
998 4329 1101 4409 potest
1116 4324 1296 4409 acquirere,
1317 4323 1376 4391 nisi
1394 4324 1443 4392 vel
1467 4325 1568 4413 ipsius
1590 4325 1775 4397 intellectus

275 4432 431 4521 capacitas
453 4431 597 4500 elevetur
619 4452 678 4520 per
700 4434 821 4523 aliquid
844 4438 1103 4522 supernaturale,
1127 4445 1163 4505 ut
1186 4438 1221 4506 sd
1240 4456 1297 4526 pcr
1321 4439 1428 4509 lumen
1452 4442 1570 4528 gloriae
1593 4443 1623 4512 in
1646 4444 1774 4533 patria,

275 4548 325 4616 vel
348 4548 620 4636 obiectumquasi
644 4549 852 4618 diminuendo
874 4570 908 4619 se
931 4551 1104 4622 descendat
1126 4555 1166 4622 ad
1194 4574 1378 4624 mensnram
1399 4566 1431 4625 ct
1459 4560 1590 4628 modnm
1612 4562 1773 4649 exiguum

273 4664 568 4746 intellectualitatis,
592 4683 689 4753 (poem
712 4667 809 4735 babet
833 4687 922 4736 vareris
945 4669 1095 4738 humana.
1120 4672 1195 4739 llinc
1219 4673 1272 4755 lit,
1303 4682 1338 4740 ut
1360 4681 1467 4742 noster
1499 4674 1676 4745 intellectus
1697 4697 1774 4749 con·

273 4779 369 4868 cipiat
384 4780 485 4848 lleum
509 4779 667 4849 insanitum
686 4783 780 4850 modo
803 4782 891 4852 linito
906 4792 937 4853 et
961 4785 1143 4873 imperfecto
1165 4795 1196 4855 ct
1212 4787 1272 4855 snb
1296 4789 1416 4857 ratione
1442 4789 1502 4857 sibi
1522 4790 1661 4878 propria,
1683 4811 1773 4879 ortae

272 4901 320 4963 est
341 4914 398 4982 per
421 4895 675 4967 abstractionem.
700 4899 859 4986 decipitur
883 4900 980 4988 igitur
1002 4903 1088 4971 Deus
1104 4903 1165 4971 iarn
1183 4903 1291 4992 aliquo
1314 4905 1642 4976 modoabintclleotn
1660 4908 1773 4978 11111-

272 5027 325 5076 ma
351 5009 524 5077 obstructo
549 5013 641 5094 entis,
665 5012 794 5083 boniet
818 5016 883 5083 veri
908 5018 1108 5086 universalis.
1130 5019 1303 5087 ¹lbstractio
1325 5028 1431 5088 autem
1455 5022 1522 5091 sive
1545 5022 1692 5091 irrrmatio
1714 5023 1774 5095 llo

272 5143 345 5193 rum
370 5134 582 5214 conceptuum
607 5128 736 5197 vrtinime
763 5130 945 5201 immediate
969 5134 1004 5202 lrt
1030 5155 1049 5202 a
1073 5135 1177 5222 primo
1198 5143 1229 5205 et
1246 5136 1384 5205 increato
1399 5146 1481 5220 ente,
1497 5140 1582 5226 vpvvod
1598 5158 1660 5207 111
1683 5141 1772 5213 vide

272 5247 327 5313 tur
341 5240 373 5311 in
391 5260 439 5328 se,
455 5241 512 5311 sed
536 5242 674 5313 orobos
696 5248 944 5338 corporalibus,
961 5258 997 5319 nt
1012 5253 1190 5323 corrrrnunis
1205 5254 1471 5325 Sclrolasticorum
1491 5255 1646 5324 mittentia
1664 5254 1772 5327 docet.
