3870 6488
214 376 258 445 to
822 395 1101 444 nrssnurlrro.

212 520 315 609 ceptio
345 519 486 588 veritatis
519 516 585 585 aidi
609 518 789 606 praecipue
820 519 972 587 adscribi
1004 519 1114 599 rudet,
1150 519 1232 588 sicot
1260 520 1403 607 cunrado
1437 520 1568 589 artilicls
1606 523 1711 607 magis

212 635 406 705 adscribitur
428 633 558 715 artifici,
579 652 675 723 quam
698 634 784 703 arti»
813 634 882 721 (cir.
906 634 1001 703 etiam
1025 635 1198 703 comment.
1221 635 1252 703 iu
1276 636 1362 703 trun.
1386 654 1412 703 c.
1443 637 1468 703 l.
1494 635 1563 704 lect.
1588 638 1644 719 8.).

303 750 500 819 llauilestnm
516 757 565 817 est
579 768 637 837 per
654 749 841 833 testimonia,
857 769 939 838 quae
961 768 1004 818 ex
1027 751 1260 819 Commentario
1276 750 1307 818 iu
1326 750 1490 819 Boethium
1507 751 1712 839 protulimus.

210 870 240 936 S.
253 869 406 937 Tllomam
419 866 610 953 improbare,
626 868 712 955 qrrod
726 867 835 935 divina
847 868 1067 956 cooperatione
1082 869 1122 936 ad
1139 867 1332 936 nectareum
1349 868 1486 937 llominis
1500 868 1711 956 cognitionem

212 1003 294 1052 nora
317 985 376 1052 lux
399 985 450 1052 vel
473 1002 555 1051 noua
579 984 682 1051 virtus
705 991 884 1072 apponatur
902 984 1068 1072 potentiue
1091 983 1319 1067 intellectuali,
1350 984 1408 1053 scd
1438 984 1573 1053 eandem
1597 990 1712 1053 statue

210 1117 267 1183 ro,
290 1108 448 1188 quatenus
471 1101 642 1189 potentiam
665 1101 713 1169 ed
742 1111 839 1169 octus
866 1102 1025 1189 proprios
1055 1102 1184 1190 dir··iput
1205 1111 1236 1169 et
1258 1110 1396 1169 otoocot.
1421 1102 1482 1169 lloc.
1514 1099 1710 1169 vocabulum
1733 1090 1736 1094 ’

210 1214 356 1305 ‹lira'pere
379 1216 447 1304 lpse
470 1216 571 1303 magis
593 1216 784 1285 determinat
806 1217 1002 1286 adiiciendo:
1027 1217 1075 1284 ud
1097 1218 1276 1285 vicennium
1298 1218 1353 1304 (ad
1376 1217 1440 1301 8.),
1471 1216 1507 1283 in
1536 1215 1713 1283 veritatem

211 1332 265 1415 (ad
288 1332 333 1416 ⁰2.)
345 1357 354 1412 ;
377 1350 459 1420 quoe
483 1331 582 1400 verba
612 1332 814 1420 potissimum
851 1332 1054 1418 intelligenda
1088 1332 1238 1401 videntur
1269 1333 1310 1401 do
1345 1332 1399 1401 illa
1432 1330 1712 1412 determinatione,

210 1466 275 1535 qua
297 1447 476 1515 intellectus
500 1446 617 1533 ligatur
639 1447 679 1515 ad
705 1465 817 1516 verum
836 1448 866 1515 ln
884 1447 1066 1516 anniversali.

300 1562 404 1630 Verba
420 1564 466 1631 Ss.
483 1563 646 1649 Augustini
663 1570 696 1632 et
712 1562 950 1631 donarenturao
967 1563 1215 1651 primoquidem
1232 1562 1335 1631 lrorrte
1354 1562 1494 1649 amptius
1517 1561 1640 1649 aliquid
1666 1563 1712 1631 dl-

212 1678 304 1746 vinae
321 1677 541 1746 illuminationi
559 1679 710 1747 videntur
725 1679 877 1747 tribuere.
891 1679 1043 1747 Priamus
1057 1687 1176 1759 autern,
1192 1698 1274 1767 qliae
1297 1678 1338 1747 dc
1360 1678 1566 1747 irradiatione
1588 1679 1713 1766 primae

212 1793 292 1863 lucis
311 1794 479 1881 proterunt
494 1794 672 1863 secondum
694 1804 831 1863 torentem
847 1813 960 1862 eorum
977 1813 1040 1863 nou
1058 1794 1278 1882 restringenda
1293 1812 1363 1863 esse
1378 1795 1419 1863 ad
1437 1795 1519 1863 lianc
1542 1794 1712 1863 termatiu-

212 1917 282 1977 tum
298 1908 562 1977 illuminationem
578 1909 646 1978 sive
662 1910 937 1996 cooperationem,
961 1909 1130 1983 sedetiam
1150 1918 1295 1997 spectare
1318 1910 1359 1978 ad
1383 1910 1566 1977 auciacum
1599 1917 1630 1977 et
1656 1908 1714 1977 lae

212 2026 387 2106 bituotem,
411 2025 452 2095 de
475 2025 593 2114 quibus
616 2044 684 2113 cap.
709 2026 741 2093 ll.
767 2025 862 2094 locmi
886 2043 1008 2094 sumus.
1032 2064 1077 2075 -
1100 2026 1220 2095 Deirrde
1244 2026 1466 2113 unusquisque
1488 2025 1579 2094 tacite
1598 2024 1716 2093 diiudi-

211 2160 285 2209 care
308 2140 440 2228 poterit,
462 2159 560 2228 quam
583 2159 682 2228 prope
705 2140 791 2209 modi
816 2141 966 2228 loquendi
1000 2140 1041 2208 ab
1075 2140 1222 2228 angelico
1255 2141 1401 2224 adhibiti,
1423 2140 1511 2229 quod
1535 2140 1639 2229 prima
1665 2160 1716 2211 vc·

212 2257 289 2325 riuus
312 2256 506 2325 intellectum
529 2256 688 2345 applicet,
712 2266 836 2335 reuocet,
860 2256 981 2345 diripit
1004 2257 1040 2325 iu
1063 2256 1255 2338 veritatem,
1271 2257 1459 2325 conueniant
1479 2274 1552 2325 curu
1571 2256 1680 2325 verbis
1693 2276 1718 2325 a

212 2374 242 2440 S.
267 2372 485 2441 uonavemum
510 2372 683 2459 usurpatis,
706 2371 792 2460 quod
815 2372 927 2440 eadem
952 2372 993 2440 sit
1017 2372 1098 2440 ratio
1120 2373 1258 2453 metire,
1280 2372 1430 2453 dacctiue,
1452 2371 1622 2461 reputem.
1707 2447 1716 2465 .

300 2487 434 2556 Videtur
457 2488 554 2574 igitur
577 2486 645 2556 siue
667 2488 845 2556 temeritate
867 2488 966 2555 asseri
993 2506 1102 2575 posse,
1126 2506 1258 2575 magnos
1282 2488 1352 2556 illos
1379 2488 1530 2557 Doctores
1552 2488 1582 2554 S.
1611 2489 1717 2573 dugu-

211 2604 353 2686 stlnom,
374 2606 404 2671 S.
428 2604 633 2686 anselmum,
656 2605 685 2671 S.
711 2605 883 2681 Tlromam‚
907 2606 937 2671 S.
961 2603 1233 2687 Bonaventurum,
1258 2603 1471 2673 dalbertum
1487 2604 1518 2672 ln
1534 2603 1717 2672 substantia

212 2720 309 2788 huius
331 2719 493 2789 deutriuae
517 2720 702 2801 conuenire,
725 2738 920 2807 quoiusquam
945 2738 1007 2787 uon
1031 2720 1152 2788 eisdem
1176 2718 1324 2808 loquendi
1342 2720 1489 2788 lonnolis
1512 2727 1659 2802 utuntur,
1681 2730 1716 2791 et

211 2836 347 2923 quisque
370 2854 429 2923 pro
452 2842 633 2921 temporum
656 2834 870 2922 oportunitate
894 2834 946 2903 vel
968 2834 1083 2923 ingenii
1108 2834 1213 2905 indole
1236 2835 1300 2903 alia
1319 2844 1352 2905 et
1374 2836 1437 2905 alia
1458 2836 1563 2925 capita
1584 2844 1618 2906 et
1644 2838 1716 2907 iun

212 2951 361 3020 (lamenta
384 2950 526 3019 ueritatis
548 2949 696 3019 dillusius
718 2956 750 3019 et
773 2950 949 3019 studiosius
972 2957 1109 3020 tractare
1131 2958 1164 3020 et
1186 2969 1303 3038 urgere
1326 2953 1499 3021 consuerit.
1578 3026 1581 3031 ,

300 3188 322 3269 s
345 3187 375 3251 6.
401 3183 500 3251 Etiam
535 3182 687 3252 llonricus
711 3182 872 3265 (laudan,
896 3184 925 3250 8.
948 3202 978 3250 a.
1005 3186 1032 3250 l.
1055 3203 1085 3272 q.
1111 3186 1141 3251 S.
1165 3185 1235 3266 (clr.
1261 3184 1374 3271 Quodl.
1400 3187 1429 3252 5.
1453 3203 1483 3271 q.
1511 3184 1575 3269 111.)
1597 3185 1712 3256 docet:

218 3300 397 3369 «lnuluto
419 3298 610 3380 dicendmu,
632 3298 719 3386 quod
744 3299 838 3366 lrorno
860 3300 1031 3367 macerem
1055 3298 1281 3367 veritotcmde
1299 3299 1388 3367 nulla
1405 3299 1574 3367 rehabere
1597 3308 1713 3387 potest,

211 3435 253 3485 ex
277 3416 368 3504 puris
390 3416 590 3485 naturalibus
613 3416 682 3485 eius
706 3415 849 3484 notitiam
873 3415 1089 3503 acquirendo,
1113 3416 1169 3483 sed
1205 3415 1309 3483 solnm
1341 3415 1550 3483 illustratione
1582 3416 1714 3485 luminis

195 3533 310 3601 divini
320 3558 353 3614 »3
368 3534 425 3601 sed
441 3550 510 3601 rem
535 3532 630 3601 niodo
653 3533 792 3620 quodam
818 3532 876 3620 ipsi
901 3532 1031 3620 proprio
1053 3530 1192 3617 explicat
1207 3537 1238 3599 et
1253 3531 1384 3599 modmn
1401 3530 1558 3601 excedere
1573 3532 1715 3602 videtur.

213 3648 300 3717 unde
323 3648 394 3716 eius
415 3647 595 3736 opinionem
619 3650 730 3716 Scotus
753 3650 787 3734 (l.
812 3650 896 3716 Sent.
920 3648 951 3715 d.
976 3648 1006 3715 3.
1030 3666 1060 3735 q.
1084 3647 1114 3713 d.
1140 3665 1171 3714 n.
1199 3650 1289 3728 l-l8,
1309 3654 1341 3715 et
1358 3647 1478 3733 Prolog.
1494 3666 1524 3734 q.
1551 3649 1579 3714 1.
1596 3666 1627 3715 m
1649 3650 1715 3735 19.)

211 3765 328 3833 dillusa
351 3764 562 3851 disputatione
586 3764 760 3851 impugnat.
785 3765 845 3833 Sed
869 3783 911 3833 ex
937 3764 1004 3852 ipso
1028 3766 1143 3847 modo,
1167 3782 1231 3852 cpuo
1253 3764 1369 3831 Dortor
1393 3762 1519 3833 sauhtilis
1542 3762 1716 3833 llouricum

213 3881 402 3961 insectatur,
419 3885 514 3966 patet,
531 3880 659 3946 Scotum
682 3880 787 3967 quoad
813 3879 878 3947 duo
902 3880 1004 3977 capita
1020 3880 1183 3948 doctrinae
1203 3898 1264 3947 non
1282 3878 1471 3959 dissentire,
1491 3878 1610 3947 scilicet
1624 3882 1718 3967 quod

86 3986 91 3995 '
212 3994 350 4062 rationes
372 4000 520 4061 aeternae
543 3993 650 4082 aliquo
674 3994 768 4062 modo
791 4002 865 4062 sum
889 3994 1079 4082 principium
1104 3994 1326 4063 intellectualis
1349 3992 1556 4079 cognitionis,
1578 3997 1717 4083 etquod

211 4111 305 4179 etiam
331 4110 452 4178 ratione
474 4109 600 4178 diuinae
623 4111 852 4198 cooperationis
875 4120 966 4179 aetus
990 4111 1212 4179 intellectualis
1236 4109 1360 4179 relundl
1385 4109 1499 4177 debeat
1533 4110 1564 4177 iu
1598 4108 1717 4180 Deum

212 4227 322 4313 arguit
344 4226 428 4295 enim
452 4228 565 4294 &otus
588 4232 698 4294 contra
722 4226 888 4295 llcruimm
914 4228 1084 4315 praecipue
1107 4246 1145 4295 ea
1169 4227 1311 4307 rollone,
1334 4225 1409 4313 quala
1432 4226 1602 4313 supponit,
1625 4226 1720 4299 nunc

213 4343 274 4412 soll
296 4341 435 4429 speciali
457 4341 584 4409 inlluxu
608 4342 784 4430 intelligere
808 4344 859 4412 uel
884 4344 1043 4411 inlluuum
1068 4343 1190 4412 ordinis
1212 4342 1496 4429 supremum-ulte,
1526 4342 1576 4410 rel
1598 4342 1721 4427 talem,

212 4461 266 4548 qni
295 4476 422 4527 omnem
456 4459 609 4526 actionem
648 4459 826 4527 intellectus
848 4459 969 4547 agentis
992 4460 1161 4536 excludat,
1186 4459 1234 4527 rel
1265 4459 1375 4526 saltem
1404 4476 1478 4526 eum
1513 4458 1646 4541 docere,
1671 4458 1721 4529 in·

212 4575 358 4643 tellectus
379 4573 502 4660 agentis
523 4574 736 4659 operationem
764 4575 889 4642 limitari
914 4576 955 4643 ad
979 4574 1159 4655 sensibilia;
1175 4592 1257 4662 apulae
1273 4574 1413 4641 omniaa
1436 4573 1581 4641 doctriua
1603 4576 1634 4641 S.
1659 4560 1724 4645 lto

213 4698 407 4759 nareotnrae
431 4697 505 4758 sum
528 4690 640 4758 aliena.
665 4691 702 4758 L't
726 4710 815 4759 meus
838 4692 918 4760 Scoti
945 4691 1185 4772 rutarritestetor,
1209 4692 1288 4759 llaec
1312 4690 1383 4759 elus
1406 4689 1506 4758 nerlu
1528 4690 1573 4775 (d.
1590 4690 1620 4757 3.
1637 4710 1670 4778 q.
1684 4694 1720 4761 11.

213 4829 242 4875 11.
272 4808 334 4890 17.)
356 4805 532 4888 sufficiant,
555 4806 673 4893 quintus
700 4814 809 4875 contra
837 4807 1004 4875 llenricum
1032 4808 1077 4875 sic
1104 4806 1229 4893 arguit:
1254 4806 1314 4872 «Si
1340 4807 1371 4873 in
1402 4803 1563 4873 intellectu
1579 4804 1653 4891 (lux
1673 4807 1721 4875 in·

212 4924 331 5000 creatu)
354 4920 485 5011 oliqcrid
506 4932 645 5001 cuccoet,
670 4923 766 5009 igitur
792 4923 848 4989 lux
874 4923 1012 4991 increata
1035 4941 1097 4990 non
1131 4923 1278 4989 immutat
1309 4921 1368 4988 nisi
1405 4920 1564 4988 mediante
1597 4918 1721 5009 ellectu

211 5059 295 5105 ano:
319 5044 351 5106 et
374 5037 417 5104 ita
439 5056 540 5125 aeque
563 5038 702 5126 perlecto
725 5038 854 5106 uidetur
876 5037 988 5125 opinio
1011 5037 1197 5104 corrrnumis
1218 5056 1341 5123 pollere
1356 5035 1511 5103 laetitimu
1529 5034 1563 5101 iu
1588 5034 1720 5107 iumine

213 5155 379 5234 intercute,
404 5155 485 5223 sicut
509 5156 568 5223 ista
590 5156 712 5242 opinio,
736 5154 812 5243 qnia
835 5156 923 5243 ponit
945 5174 1016 5223 eom
1041 5154 1142 5223 videri
1168 5154 1198 5221 iu
1224 5153 1385 5221 inultum
1408 5159 1542 5240 agento,
1575 5151 1631 5239 qui
1667 5161 1719 5224 est

212 5273 342 5342 euectus
366 5271 446 5340 lucis
470 5271 657 5340 increatae...
681 5272 710 5339 Si
735 5279 841 5340 autem
865 5270 950 5339 uilul
972 5280 1092 5340 rccuset
1115 5280 1192 5338 unte
1214 5280 1329 5339 cutum
1341 5293 1354 5350 ;
1377 5275 1433 5337 aut
1456 5288 1533 5356 ergo
1559 5266 1628 5337 solu
1654 5268 1717 5341 lux
