3870 6488
275 386 335 458 l98
848 398 999 460 oceasum
1024 396 1197 447 nrsrcnnrn

359 532 389 598 b.
413 529 507 610 item„
532 526 681 597 drietlrius
705 525 815 615 quincto
839 526 880 593 de
903 523 1121 593 Consolatione
1135 523 1158 606 ¹,
1182 529 1252 611 post
1283 522 1408 610 longam
1442 519 1676 601 deductionem,
1707 536 1773 608 qua

269 647 427 726 declarat,
450 645 625 733 quamlibet
648 642 819 732 potentiam
843 642 968 710 animae
990 659 1049 729 por
1065 659 1099 708 se
1115 658 1208 727 posse
1230 640 1371 727 operari,
1395 638 1570 708 concludit:
1601 637 1774 707 «Videsne

269 764 383 850 igitur,
406 769 441 828 ut
465 762 495 829 io
528 759 745 848 cognoscendo
775 765 889 827 cuncta
912 776 971 826 sua
1001 755 1108 845 potius
1132 755 1298 836 facultate,
1328 772 1426 843 qnam
1454 773 1566 825 eorum
1604 771 1688 843 quae
1723 772 1774 822 co

268 886 482 966 gnoscuntur,
506 882 663 944 utantur?
685 874 792 961 Neque
809 873 840 942 id
865 871 994 941 iniuria:
1020 891 1093 940 nam
1109 888 1183 939 cum
1207 888 1301 940 omne
1317 870 1471 940 iudicium
1488 869 1657 939 iudicantis
1679 876 1775 938 actus

268 995 326 1075 sit,
350 1010 479 1063 necesse
499 1000 565 1074 est,
588 991 674 1080 quod
698 998 735 1058 nt
750 1008 841 1060 suam
865 988 1001 1078 quisque
1017 1006 1148 1076 operam
1174 1006 1234 1055 non
1250 1006 1292 1055 ex
1316 986 1437 1071 aliena,
1460 987 1517 1057 sed
1541 985 1674 1075 propria
1688 994 1775 1075 pote

269 1117 349 1179 state
373 1109 559 1198 perficiat».
585 1107 712 1195 Exque
734 1112 837 1195 patet,
861 1104 947 1195 quod
967 1104 1227 1192 intellectusper
1250 1120 1284 1173 se
1311 1110 1414 1191 potest
1434 1103 1476 1172 ad
1499 1102 1606 1172 omnia
1626 1102 1774 1190 intelligi·

268 1226 343 1294 bilia
366 1225 594 1313 cognoscenda.

359 1345 387 1409 c.
412 1341 507 1420 lum,
531 1340 658 1407 ridetur
688 1338 775 1425 quod
800 1338 880 1406 ratio
903 1336 1087 1423 Augustini,
1117 1355 1181 1425 qun
1206 1336 1336 1424 probat,
1358 1336 1465 1405 omnia
1500 1336 1709 1424 intelligibilia
1741 1336 1772 1405 in

269 1457 339 1525 luce
361 1464 491 1524 aeterua
513 1454 677 1542 cognosci,
700 1472 763 1521 non
795 1454 835 1521 sit
859 1455 950 1521 bona
982 1453 1093 1540 Arguit
1123 1453 1208 1521 enim
1232 1453 1277 1522 sic
1302 1454 1383 1521 libro
1413 1452 1555 1523 secundo
1584 1453 1626 1521 de
1657 1452 1773 1521 libero

269 1572 444 1641 Arbitrio²:
470 1573 620 1640 veritates
643 1589 704 1637 non
728 1576 803 1639 sunt
830 1569 1106 1638 incommutabiles
1130 1568 1189 1637 nisi
1214 1569 1245 1637 in
1270 1569 1341 1638 luce
1372 1575 1519 1652 aemma,
1542 1586 1619 1657 ergo
1642 1587 1774 1638 necesse

269 1696 333 1769 est,
357 1689 443 1775 quod
468 1688 499 1755 iu
523 1687 592 1775 ipsa
615 1694 864 1773 cognoscentem
888 1704 949 1753 non
973 1686 1058 1753 enim
1082 1685 1114 1752 in
1138 1691 1243 1755 monle
1267 1686 1409 1754 bumana
1431 1692 1507 1753 sunt
1531 1684 1773 1753 incommutabi-

269 1804 333 1885 les,
356 1823 430 1873 cum
454 1805 523 1893 ipsa
546 1822 636 1872 mens
659 1802 821 1872 mutabilis
845 1803 902 1883 sit,
925 1809 957 1870 et
979 1819 1037 1889 per
1060 1819 1257 1890 consequens
1272 1820 1366 1870 omne
1393 1800 1480 1890 quod
1495 1809 1544 1870 est
1559 1801 1592 1869 io
1607 1819 1655 1882 ea,
1672 1809 1774 1869 muta·

272 1920 335 1989 bile
357 1920 428 1988 erit
454 1920 489 1989 Et
512 1921 572 1988 bac
600 1919 722 1988 ratione
745 1918 889 2001 videtur,
920 1918 1007 2006 quod
1037 1936 1229 2007 dignoscens
1252 1918 1402 1987 ueritates
1432 1916 1709 1988 incommutabiles
1740 1918 1773 1986 in

272 2036 342 2105 luce
357 2043 504 2117 aenaria,
527 2043 694 2123 cognoscat
717 2033 869 2129 obiectioe
892 2034 993 2121 ipsam
1011 2034 1129 2116 lucem,
1153 2052 1227 2103 cum
1249 2034 1400 2103 ueritates
1422 2034 1716 2116 incommutabiles,
1739 2034 1773 2101 in

269 2160 425 2239 (parantum
441 2151 536 2232 tales,
560 2169 623 2218 non
647 2150 705 2218 nisi
724 2151 755 2217 in
779 2150 844 2217 Deo
867 2149 1016 2217 existant.

357 2270 388 2333 7.
413 2266 594 2348 Praeterea,
618 2284 739 2353 ponens
761 2265 947 2353 exemplum
971 2265 1012 2335 de
1040 2265 1240 2333 veritatibus,
1253 2264 1567 2334 incommutabilibus
1597 2264 1692 2348 dicit,
1715 2282 1772 2334 eas

268 2381 452 2450 inriusmodi
476 2400 563 2451 esse:
588 2383 653 2451 duo
676 2390 707 2451 ct
730 2382 791 2450 tria
814 2389 889 2450 sunt
911 2381 1089 2470 qninque¹.
1113 2380 1194 2468 Ergo
1224 2399 1299 2451 oum
1323 2380 1507 2451 liuiusmodi
1532 2381 1681 2451 remotes
1708 2381 1776 2450 siut

267 2499 471 2587 complexae,
494 2499 715 2569 tautummodo
740 2498 857 2567 babent
879 2516 949 2567 esse
974 2498 1005 2565 iu
1029 2497 1135 2565 anima
1165 2504 1386 2586 componente:
1418 2516 1496 2587 ergo
1524 2515 1599 2566 cum
1623 2516 1676 2567 res
1707 2518 1773 2567 non

267 2621 484 2703 cognoscatur,
509 2615 568 2683 nisi
592 2615 647 2683 ubi
670 2621 733 2697 est,
757 2614 978 2683 tautummodo
1001 2614 1033 2681 iu
1056 2614 1126 2701 ipsa
1148 2614 1516 2703 animacoguosoeutur.

356 2733 387 2798 8.
410 2731 505 2812 lem,
527 2731 721 2817 Augustinus
744 2730 919 2800 delibero
942 2730 1079 2803 Arbitrio
1110 2730 1192 2799 libro
1218 2728 1382 2813 secundo,
1411 2729 1551 2821 capitulo
1584 2728 1775 2801 decimoter-

268 2846 353 2914 ti0⁴z
386 2847 691 2933 «Quemadmodum
716 2846 761 2916 illi
791 2847 848 2934 qui
872 2847 904 2914 in
928 2846 999 2914 luce
1023 2845 1098 2915 solis
1121 2846 1259 2932 eligunt,
1282 2847 1368 2936 quod
1393 2846 1528 2925 libenter
1560 2845 1716 2934 aspiciant
1736 2853 1775 2915 et

267 2980 305 3030 eo
329 2970 459 3049 aspectu
485 2962 657 3044 laetantur,
673 2963 705 3031 in
728 2962 846 3050 quibus
870 2962 894 3030 si
911 2962 966 3049 qui
991 2961 1070 3031 iorte
1085 2962 1204 3031 luerint
1228 2962 1474 3051 vegetatioribus
1494 2963 1644 3051 sanisque
1662 2970 1695 3031 et
1710 2963 1776 3032 lor·

267 3078 397 3149 tissirnis
420 3079 521 3147 oculis
543 3079 677 3169 praediti
702 3079 845 3167 ninilque
869 3079 1018 3147 libentius
1040 3096 1138 3166 quam
1163 3078 1267 3167 ipsum
1283 3079 1382 3149 solem
1407 3064 1589 3161 intuentum
1611 3080 1657 3148 sic
1672 3080 1774 3149 etiam

267 3195 357 3263 lortis
379 3196 464 3265 acies
487 3196 602 3264 mentis
625 3204 657 3264 et
682 3204 834 3283 vegetata,
857 3214 930 3265 cunr
960 3196 1160 3264 multavere
1183 3203 1215 3263 et
1238 3195 1509 3266 incommutabilia
1535 3204 1624 3266 certa
1646 3197 1774 3267 ratione

267 3312 487 3398 conspexerit,
511 3311 627 3399 diriget
642 3319 805 3399 aspectum
823 3312 853 3379 iu
880 3312 979 3399 ipsam
996 3311 1173 3394 veritatem,
1190 3331 1255 3400 qua
1270 3320 1384 3381 cuncta
1400 3319 1618 3382 monstrantur
1630 3338 1662 3379 ι.
1680 3312 1773 3395 Ecce,

266 3426 352 3511 currui
376 3444 417 3494 ex
443 3427 527 3495 veris
550 3427 727 3515 conspectis
749 3428 844 3515 erigit
873 3446 908 3497 se
938 3428 977 3495 ad
1003 3427 1105 3516 ipsam
1129 3430 1293 3499 renotem
1326 3429 1555 3499 contuendam:
1578 3446 1657 3517 ergo
1691 3446 1774 3498 vera

268 3543 537 3613 incrrnnmtubilia
561 3563 623 3611 uon
647 3553 722 3613 sunt
738 3546 805 3633 ipse
830 3547 930 3623 boris,
954 3563 1012 3613 nec
1036 3546 1067 3613 iu
1084 3546 1151 3633 ipsa
1175 3547 1263 3627 luce,
1286 3564 1370 3636 pirae
1390 3546 1476 3615 Deus
1498 3551 1565 3627 est,
1580 3550 1772 3614 cernuntur.

357 3662 386 3724 a.
412 3659 505 3741 ltem,
529 3659 611 3728 sicut
634 3660 721 3728 color
745 3661 871 3729 ridetur
899 3679 957 3747 per
989 3661 1186 3743 lucern,'sic
1218 3661 1335 3731 veritas
1356 3669 1464 3730 creata
1493 3678 1550 3748 per
1573 3660 1774 3745 increatam;

265 3793 303 3841 uc
327 3774 409 3842 sicut
433 3774 497 3843 lux.
515 3776 699 3863 corporalis,
722 3795 760 3844 eo
783 3776 869 3863 quod
886 3796 948 3844 nou
968 3783 1016 3844 est
1038 3775 1166 3863 alligate
1190 3776 1351 3859 materiae,
1373 3778 1428 3846 dat
1443 3777 1594 3846 uirtutem
1618 3776 1775 3867 multipli-

266 3890 357 3957 candi
382 3890 478 3958 colori
505 3891 632 3959 baltenti
658 3891 760 3959 lucem
786 3892 1018 3977 incorporatam
1035 3891 1204 3974 materiae,
1228 3893 1272 3960 sio
1289 3892 1411 3961 Veritas
1426 3893 1567 3961 increata
1589 3891 1644 3961 dut
1659 3900 1772 3963 actum

267 4004 455 4073 irnrnutandi
478 4006 689 4087 intellectum,
713 4007 794 4075 sicut
816 4007 911 4077 etiam
936 4008 994 4075 lux
1018 4008 1193 4095 corporalis
1215 4008 1311 4077 edicit
1333 4008 1473 4077 colorem
1494 4006 1661 4078 risibilem.
1687 4008 1774 4097 Ergo

265 4139 339 4187 cum
364 4122 505 4199 masinra
528 4122 582 4189 ille
607 4123 822 4211 ltlcilosoplrie
852 4124 984 4193 «Ounno
1009 4124 1088 4192 illud
1111 4132 1242 4212 propter
1265 4125 1367 4213 quod,
1383 4123 1463 4195 illud
1480 4125 1581 4213 magis
1595 4148 1627 4207 u,
1651 4124 1774 4195 balteat

357 4388 365 4423 ¹
386 4390 463 4444 l‘rosa
484 4389 517 4455 -l;
537 4390 582 4444 ubi
601 4390 681 4445 millio
699 4392 767 4445 elrco
787 4392 865 4445 llrrem
886 4399 969 4446 tortus
989 4400 1047 4459 post
1066 4407 1170 4449 necesse
1188 4396 1228 4448 est
1245 4394 1341 4448 omtttlt
1358 4392 1438 4463 praed.

358 4487 370 4523 ²
389 4489 543 4541 Praesertim
562 4504 585 4542 c.
605 4491 630 4542 6.
651 4504 676 4542 ιι.
701 4489 740 4551 ll,
759 4498 785 4543 ct
803 4506 825 4544 c.
850 4492 889 4544 tu.
909 4506 935 4543 ιι.
955 4490 997 4543 dl.
1019 4506 1093 4559 seqq.
1639 4542 1643 4549 .

357 4584 457 4639 ³libr.
478 4587 504 4639 ll.
524 4586 558 4639 do
576 4586 631 4640 Lib.
651 4588 713 4640 Arb.
733 4604 755 4641 c.
776 4590 800 4642 8.
820 4604 844 4641 ιι.
864 4591 915 4642 at:
938 4590 993 4641 «Et
1021 4589 1151 4658 cpddquid
1178 4604 1257 4643 sonem
1285 4591 1404 4656 conpone
1431 4597 1528 4659 tango,
1547 4590 1627 4649 sulculi
1655 4598 1698 4645 cst
1718 4594 1773 4648 boc

265 4682 367 4734 ceolum
386 4688 411 4736 et
430 4685 495 4737 inec
514 4692 580 4738 terro
600 4693 626 4738 et
645 4700 828 4754 qttttdclltllque
850 4688 875 4739 in
894 4688 933 4740 nis
959 4688 1008 4739 olla
1037 4702 1148 4753 ιιιηιοιιι
1176 4690 1276 4753 sentio,
1303 4687 1430 4756 ‹guanrdiu
1455 4690 1541 4741 tuturo
1567 4688 1633 4755 slot,
1659 4692 1772 4757 ncscttm

267 4788 368 4845 septum
387 4788 473 4834 urrtrrnr
492 4791 518 4835 et
537 4785 583 4835 trin
603 4783 695 4835 (lernou
714 4792 788 4850 surrt;
808 4792 833 4837 ot
852 4800 904 4837 uon
923 4786 1008 4839 milium
1029 4799 1113 4851 cinric,
1132 4784 1180 4838 sod
1198 4786 1275 4837 etlcuu
1294 4799 1417 4850 serrrpcu;
1438 4799 1524 4853 nmguo
1551 4785 1707 4839 ullomodo
1726 4788 1774 4839 uli·

265 4878 371 4943 rprrrmdo
395 4888 495 4944 scarum
514 4887 540 4932 rt
559 4882 605 4933 triu
626 4896 675 4933 uon
696 4884 799 4935 iuuerunt
818 4883 925 4948 cloccum,
943 4892 988 4936 aiut
1006 4882 1147 4951 nlirpromlo
1166 4890 1266 4948 septem
1285 4890 1311 4935 et
1329 4884 1376 4935 triu
1405 4896 1457 4934 non
1476 4888 1553 4935 erunt
1571 4882 1672 4935 (Ιοωιιι.
1694 4882 1772 4937 lione

266 4991 332 5041 orgo
352 4978 576 5043 irutorruptibilcm
596 4982 698 5031 ιιιιιιιιιί
718 4982 853 5033 ominum
882 4980 934 5033 dini
954 4983 1016 5033 riritrl
1037 4988 1062 5033 rt
1081 4981 1185 5034 cuilibet
1204 4982 1364 5034 ratiocinanti
1383 4994 1442 5033 csso
1459 4992 1627 5033 mururmuncnl
1648 5000 1672 5031 ι.
1697 4980 1773 5037 laium

264 5074 415 5139 ιιιιιιιιιιΙιιιιι
434 5078 542 5129 mercurii
563 5076 625 5129 ibid.
645 5092 668 5129 c.
691 5077 730 5129 t2.
751 5093 776 5130 ιι.
796 5076 838 5130 li.

355 5170 366 5205 ⁴
384 5172 460 5225 Auru.
480 5174 529 5237 36;
549 5189 603 5242 qno
622 5177 648 5227 io
668 5182 736 5227 ιοιιιιι
756 5176 835 5228 odino
854 5183 913 5243 post
931 5175 1013 5231 aculem
1034 5175 1174 5231 iotrrrutro·
1192 5176 1264 5230 nddit
1282 5174 1331 5247 quei
1348 5173 1429 5230 etiem
1447 5178 1553 5241 cebro,
1575 5172 1673 5245 quibua
1692 5175 1774 5249 tepr-

264 5269 362 5326 nriurus
381 5270 455 5327 ocuti
472 5270 647 5342 delectarentur,
670 5271 798 5329 illustret.
1389 5274 1490 5331 teror.
1509 5275 1526 5329 l.
1545 5274 1640 5329 Poster.
1660 5290 1684 5330 c.
1705 5278 1731 5331 2.
