3870 6488
764 808 874 856 susem
898 809 1158 859 austraslt'uac.
1665 799 1706 863 cti

213 930 256 998 ali
278 930 489 999 intellectibus
510 930 685 998 srr‘entiruo
709 941 745 1000 ut
767 933 935 1013 rlrrctioue,
968 934 1023 1001 secl
1057 934 1098 1001 al)
1132 934 1343 1002 intellectibus
1370 933 1573 1022 srcpicntt'unr
1602 944 1637 1004 ut
1661 957 1708 1004 re-

214 1049 368 1115 rlrrctr'cmc
390 1055 422 1115 et
444 1048 644 1134 ‹patieuttirae
671 1049 704 1116 tlt
727 1049 803 1136 quia
825 1050 916 1136 pratici
942 1057 1029 1132 suut,
1053 1051 1108 1137 qui
1133 1051 1191 1119 isto
1216 1051 1310 1120 morlo
1333 1051 1404 1119 illas
1433 1052 1602 1138 attingant,
1639 1052 1708 1120 ileo

214 1164 306 1251 pauci
331 1170 406 1230 sunt
428 1164 609 1250 coaptantes,
635 1164 707 1233 liret
731 1165 822 1232 rnulti
846 1166 1001 1233 soleratas:
1027 1166 1118 1253 pauci
1142 1168 1272 1253 (paridem
1296 1175 1371 1234 suut
1393 1169 1448 1255 qui
1473 1167 1543 1235 illas
1571 1169 1709 1237 rationes

213 1278 314 1347 sciant
336 1296 370 1346 se
393 1278 564 1365 attingere,
588 1280 685 1347 immo
708 1281 794 1368 quod
818 1281 891 1367 plus
913 1288 975 1362 est,
999 1283 1091 1368 pomi
1108 1290 1183 1350 sunt
1198 1283 1252 1370 qrri
1276 1283 1373 1352 velint
1389 1284 1449 1351 hoc
1465 1283 1612 1364 eredere,
1633 1284 1709 1370 quia

215 1394 343 1463 difficile
366 1393 494 1462 vitietur
516 1394 687 1463 intellectui
719 1397 760 1464 acl
794 1403 923 1465 aeterna
946 1398 1188 1485 contemplanda
1213 1399 1516 1480 nuncupatorum,
1544 1400 1630 1487 quod
1667 1401 1709 1467 itu

124 1604 127 1608 ι
215 1508 331 1577 habeat
353 1510 454 1577 Quor
477 1518 677 1597 praesentem
699 1520 731 1579 et
752 1512 985 1600 propinquum,
1009 1531 1082 1582 cum
1106 1521 1210 1582 murco
1235 1515 1320 1582 (licat
1351 1514 1467 1583 Paulus
1490 1517 1624 1583 ‚totunm
1658 1515 1710 1584 dc»

214 1624 296 1692 cirno
320 1625 453 1711 septimo
467 1624 489 1707 ¹,
512 1626 601 1714 qood
621 1647 688 1693 corr
712 1627 804 1716 lotape
825 1637 872 1695 cst
894 1627 937 1696 ob
961 1648 1155 1718 unoquoque
1177 1638 1339 1697 rtostruru.

304 1743 356 1807 ⁰20.
381 1740 425 1808 ld
448 1740 528 1808 ttluu
552 1743 637 1830 quod
661 1743 809 1811 obiicitur
832 1745 872 1813 tle
895 1745 1070 1830 cognitione
1094 1747 1230 1832 patriae,
1254 1745 1316 1813 iam
1332 1751 1417 1833 patet
1434 1746 1606 1832 responsio,
1634 1746 1709 1834 quia

215 1875 330 1944 niagno
352 1865 402 1927 est
422 1860 599 1928 differentia
623 1861 705 1929 inter
728 1863 952 1949 cognitionem,
975 1883 1057 1951 quae
1081 1870 1130 1932 est
1158 1884 1199 1931 ee
1218 1873 1317 1952 porte
1340 1871 1371 1933 et
1394 1863 1431 1931 iu
1446 1862 1644 1951 ocraipmuto,
1668 1861 1708 1929 ad

215 1990 303 2055 eam,
327 1992 411 2062 quae
433 1981 481 2043 est
499 1975 671 2063 plerrorie²
694 1983 725 2045 et
748 1978 918 2059 distincte,
942 1987 978 2048 ut
1001 1999 1096 2068 supra
1123 1987 1242 2049 tactum
1266 1988 1323 2048 est.

303 2094 356 2159 tl.
379 2091 423 2159 ald
448 2091 527 2161 illud
552 2093 637 2180 quod
660 2094 826 2174 obiicitur,
849 2095 935 2182 qmu
952 2096 1118 2183 specuium
1134 2103 1337 2165 aeternarum
1354 2094 1512 2164 ratiomun
1530 2103 1578 2162 est
1602 2094 1710 2162 volun·

214 2208 332 2275 tarium
366 2214 433 2289 etc;
468 2208 656 2307 dicendum,
691 2210 777 2298 qarorl
812 2211 895 2279 sicut
918 2212 993 2280 dicit
1017 2213 1182 2299 spostolus
1205 2213 1245 2280 ad
1271 2214 1426 2281 Romanos
1449 2213 1554 2299 primo
1565 2212 1586 2292 ³,
1621 2211 1712 2300 parcat

214 2331 329 2390 rtotom
363 2330 411 2389 eet
444 2322 506 2390 Dei
534 2322 753 2411 umutile-stum
786 2334 833 2393 est
855 2327 889 2393 iu
915 2326 997 2406 illis,
1034 2328 1106 2397 licet
1129 2329 1214 2396 Deus
1238 2327 1280 2396 sit
1301 2327 1439 2415 simplex
1463 2333 1495 2395 et
1518 2325 1707 2406 uniformis,

214 2444 319 2507 umen
344 2438 399 2506 lux
427 2439 479 2507 illa
501 2447 631 2507 aeterna
653 2436 685 2509 e't
708 2444 874 2529 exemplar
898 2443 976 2511 illud
1001 2443 1158 2530 quaedam
1187 2449 1404 2531 repraesento
1438 2442 1529 2530 quasi
1563 2441 1710 2508 euterius

215 2560 247 2623 et
269 2564 393 2642 operto,
415 2555 574 2643 quarellam
598 2574 674 2623 vero
708 2557 809 2642 magis
828 2555 998 2645 profunde
1021 2566 1053 2626 et
1075 2558 1207 2625 occulte.
1231 2558 1335 2625 l'rima
1357 2566 1433 2626 stant
1456 2576 1537 2645 quae
1562 2557 1643 2623 filant
1665 2573 1711 2623 se·

214 2669 356 2738 cuodmn
380 2670 591 2738 necessariam
614 2670 844 2741 ordinationem
866 2673 945 2740 artis
975 2673 1119 2755 divinam
1143 2675 1284 2743 secunda
1306 2692 1382 2741 vero
1405 2691 1487 2761 quae
1503 2672 1584 2740 liunt
1599 2689 1709 2739 secun-

215 2787 293 2854 dum
307 2786 572 2874 dispensationem
589 2787 600 2823 ⁴
623 2788 793 2855 roluntatis
809 2789 960 2857 occultae.
975 2790 1009 2856 ut
1025 2789 1109 2878 quod
1137 2789 1255 2858 dieitur
1277 2790 1442 2877 speculum
1466 2786 1709 2865 collocutorem,

216 2901 278 2971 lroc
300 2921 362 2971 non
385 2907 433 2971 est
456 2911 603 2989 respecto
626 2904 882 2991 exemplatorum
906 2904 1010 2991 primo
1032 2905 1137 2985 modo,
1154 2905 1210 2973 sed
1234 2904 1394 2985 morinum
1416 2910 1448 2972 et
1471 2904 1542 2971 ideo
1564 2903 1595 2970 in
1620 2902 1710 2970 ratio

216 3018 312 3087 nibus
333 3020 471 3088 aeternis
494 3018 651 3088 naturalia
674 3027 907 3108 cognoscuntur
924 3020 1061 3088 naturali
1077 3020 1265 3089 indicatorio
1281 3020 1428 3100 rationis,
1452 3015 1709 3108 supernaturalia

216 3157 294 3207 uero
316 3146 348 3207 et
370 3139 479 3207 lutura
501 3157 562 3206 non
587 3139 646 3207 nisi
670 3140 754 3208 dono
777 3136 979 3207 revelationis
1003 3156 1178 3227 supernae;
1202 3144 1234 3205 et
1257 3136 1329 3205 ideo
1353 3136 1407 3203 illa
1431 3136 1512 3204 ratio
1535 3153 1598 3203 non
1622 3151 1714 3221 repu-

217 3263 293 3343 gnat
314 3255 460 3343 positioni
485 3254 687 3343 praemissae.

307 3375 360 3439 ⁶22.
385 3352 427 3440 ml
452 3372 531 3440 tuuc
556 3371 642 3458 quod
665 3369 832 3451 obiicitur,
865 3371 951 3458 qum
985 3370 1142 3459 quioquid
1165 3370 1365 3457 cognoscitur
1395 3370 1426 3437 in
1460 3369 1532 3451 illis,
1556 3375 1612 3437 aut
1635 3387 1713 3435 corn

219 3487 375 3558 uelamine
396 3494 454 3555 aut
478 3486 550 3554 sirac
584 3485 757 3567 relamiue3
780 3486 972 3566 (licendum,
995 3485 1081 3573 quod
1106 3486 1137 3552 in
1162 3492 1246 3553 statu
1270 3485 1340 3553 riae
1363 3504 1424 3552 non
1449 3484 1650 3571 cognoscitur
1679 3483 1710 3551 in

217 3603 394 3673 ratiouilms
417 3602 480 3670 illis
513 3602 650 3671 aeternis
679 3601 750 3667 stoc
784 3600 948 3668 octrumum
970 3610 999 3667 et
1020 3601 1230 3689 rceraipmote⁵
1257 3608 1387 3689 propter
1411 3600 1537 3667 diuinae
1565 3598 1712 3686 imaginis

217 3719 482 3788 obscurationem.
509 3719 552 3786 Ex
578 3719 637 3786 lroc
661 3726 766 3786 umen
797 3736 858 3783 uon
893 3718 1055 3804 sequitur,
1089 3717 1176 3805 qraocl
1212 3716 1289 3783 oum
1314 3714 1578 3784 certitudioaliter
1602 3733 1713 3801 cogno
1787 3780 1806 3799 ἦ,

219 3843 327 3905 scatur
350 3842 381 3903 et
403 3834 498 3915 clare,
530 3853 589 3921 pro
623 3852 661 3902 eo
695 3833 780 3921 qnml
817 3833 971 3918 principia
993 3838 1116 3913 creata,
1140 3850 1221 3919 qnae
1245 3832 1352 3918 aliquo
1377 3830 1471 3898 modo
1500 3837 1575 3899 sunt
1609 3831 1713 3898 marlia

135 4014 140 4021 .
219 3951 445 4039 cognoscendi,
468 3950 539 4018 licet
563 3969 624 4019 non
648 3948 716 4016 sine
739 3948 802 4015 illis
825 3947 1018 4029 rationibus,
1042 3955 1174 4034 possunt
1191 3948 1358 4034 perspicue
1381 3953 1413 4014 et
1436 3946 1503 4014 sine
1524 3945 1714 4014 velaminoa

221 4077 328 4139 nostra
351 4067 590 4155 mente-rideri.
612 4066 641 4132 Si
659 4073 763 4133 tamen
787 4064 965 4144 diceretur,
988 4063 1075 4151 qtrml
1098 4063 1178 4130 nillil
1201 4063 1232 4130 io
1257 4063 1317 4130 lmc
1342 4062 1405 4128 rita
1429 4061 1529 4129 scitur
1549 4060 1711 4148 picatorio,

220 4207 283 4256 uon
304 4192 388 4255 esset
409 4202 561 4271 magnum
584 4181 817 4267 inconvenieus.

308 4303 361 4371 23.
385 4302 438 4395 li.
462 4304 515 4369 25.
539 4303 591 4367 ⁶26.
616 4299 660 4366 sd
684 4298 763 4366 illucl
786 4297 872 4384 quod
903 4295 1050 4364 obiicitur
1084 4301 1194 4363 contra
1222 4294 1359 4362 rationes
1387 4292 1566 4380 Augustini,
1600 4292 1714 4379 quodsi

220 4419 338 4501 verius
360 4414 627 4486 incommutabilis
648 4421 697 4483 est
718 4414 820 4493 Deus,
844 4412 929 4500 quod
954 4418 1028 4479 tunc
1053 4410 1169 4479 ireritas
1193 4409 1337 4498 principii
1363 4407 1602 4477 denloustratiri
1631 4413 1715 4475 esset

219 4536 323 4616 Deus,
344 4538 376 4601 et
397 4531 483 4620 quod
506 4548 617 4598 omnes
640 4530 789 4598 veritates
822 4535 928 4597 essent
960 4545 1074 4608 unum,
1092 4532 1123 4595 et
1139 4525 1225 4613 prrod
1242 4525 1395 4592 deberent
1409 4522 1549 4604 aurrrart,
1572 4529 1604 4591 et
1629 4522 1714 4610 quod

220 4652 391 4721 daemones
424 4648 570 4717 riderent
603 4645 720 4724 lleum;
754 4645 795 4712 acl
827 4644 906 4711 llaec
940 4641 1046 4709 omnia
1080 4640 1269 4735 dicendum,
1302 4638 1388 4727 quod
1417 4638 1535 4707 veritas
1569 4639 1716 4706 immuta·

142 4894 151 4911 ⁸
218 4913 365 4987 eripientes,
384 4913 468 4969 inimo
486 4911 560 4984 puori
575 4911 638 4983 plus
655 4914 695 4966 est
711 4918 760 4965 etc.
779 4909 842 4963 Cod.
857 4910 875 4962 Α
891 4918 951 4977 post
966 4907 1126 4964 Huiusmodi
1137 4910 1209 4976 ponit
1221 4909 1312 4961 uelem
1331 4921 1379 4973 pro
1397 4905 1481 4973 urire,
1502 4905 1574 4974 ‹puod
1588 4907 1632 4958 BE
1645 4907 1718 4959 onrlt·

219 5022 285 5069 tunt.
305 5013 383 5066 nauto
401 5014 466 5066 lutra
485 5011 598 5064 utun
618 5008 714 5063 habent
731 5006 778 5062 sed
796 5008 853 5061 loco
873 5006 940 5063 iicet.

311 5112 320 5147 ¹
340 5113 414 5166 Vers.
434 5111 477 5164 27.

308 5209 320 5244 ²
339 5209 418 5263 ΑΒΕ
435 5206 550 5279 perfecte
569 5223 618 5275 pro
634 5204 754 5278 plenarie
773 5213 798 5259 et
817 5220 877 5258 mox
895 5203 997 5259 dictum
1016 5205 1073 5258 locta)
1093 5206 1201 5259 turtrrm.

309 5306 322 5343 ³
341 5306 414 5361 vers
437 5307 476 5359 19.
518 5314 520 5318 ⁴

310 5405 322 5440 ⁴
340 5405 419 5458 ABE
437 5402 648 5473 dispositionem,
668 5404 713 5471 qul
732 5408 757 5455 et
776 5403 854 5469 paolo
873 5415 952 5467 supro
973 5406 1032 5467 post
1049 5398 1166 5454 serundo
1184 5411 1249 5453 erro
1268 5404 1389 5463 repetunt
1406 5398 1477 5451 narrt.
1501 5396 1558 5448 Mox
1586 5393 1631 5449 CF
1659 5402 1718 5462 post

219 5502 368 5560 aetermam
386 5502 487 5557 addunt
504 5500 573 5556 ortis
591 5500 705 5555 (lictatur.
725 5502 803 5553 Partito
823 5502 887 5552 intra
908 5495 1132 5575 scopulorum
1151 5510 1199 5563 pro
1219 5495 1426 5565 copuoscuutur.

310 5601 390 5657 ³Ctr.
409 5603 436 5655 S.
455 5602 562 5668 Bonam,
584 5600 610 5653 lt.
630 5602 699 5653 Sunt
718 5599 744 5652 tl.
765 5600 806 5651 23.
827 5615 849 5652 a.
869 5599 893 5650 t.
908 5613 934 5666 q.
948 5598 972 5650 3.
985 5623 1021 5637 -
1034 5597 1091 5649 llos
1111 5594 1252 5648 senen
1270 5590 1441 5665 requiescitur
1453 5592 1511 5645 loco
1527 5591 1715 5662 copnoscotur,

218 5708 246 5757 et
264 5698 326 5755 (teto
344 5699 423 5753 ΑΒΕ
440 5697 544 5769 possuit
562 5712 611 5765 pro
628 5699 749 5769 possunt.
