3870 6488
673 781 722 835 ετ.
752 781 901 834 nicalem
925 784 946 834 a
971 778 1170 835 umrnrum.
1607 766 1673 839 ιιι

169 908 392 999 perfectarum.
417 907 536 978 Primo
558 908 655 978 caca
678 910 915 999 cognoscimus,
939 909 1045 998 ipsum
1069 928 1139 980 csso
1162 910 1338 980 increatum
1363 909 1537 993 inlinitum,
1568 918 1600 979 ει
1624 912 1669 982 sic

170 1028 211 1097 de
233 1026 312 1095 aliis.
336 1026 486 1095 &cando
512 1026 609 1094 mocio
632 1026 868 1114 cognoscimus,
900 1027 1006 1115 ipsum
1041 1045 1112 1097 esse
1135 1033 1326 1109 creatorem,
1361 1027 1606 1114 gubernatorem
1638 1037 1670 1099 et

171 1142 364 1211 huiusmodi.
395 1142 504 1211 Tertio
525 1142 622 1211 niodo
645 1144 881 1230 cognoscimus,
905 1143 1010 1231 ipsum
1034 1160 1104 1211 esse
1131 1143 1367 1230 super-lumen,
1390 1143 1617 1231 super-vitam,
1641 1152 1673 1214 ει

170 1259 215 1327 sic
238 1258 279 1327 de
301 1258 380 1326 abis.
406 1258 466 1326 Ιὲιι
491 1258 536 1327 sic
558 1258 776 1344 cognoscendo
799 1259 905 1346 ipsum
928 1258 1149 1345 cognoscimus
1171 1259 1278 1347 aliquo
1301 1260 1412 1342 niodo,
1441 1259 1519 1347 quid
1543 1265 1609 1339 est,
1641 1259 1673 1327 in

169 1375 327 1463 generali,
348 1374 525 1462 cognitione
547 1374 686 1443 mediata
708 1381 740 1443 et
762 1375 900 1443 obscura
922 1382 955 1444 et
977 1393 1034 1461 per
1057 1374 1249 1443 discursum.

258 1491 308 1558 Sic
330 1508 406 1577 ergo
423 1490 620 1558 declaratum
636 1497 702 1572 est,
726 1490 811 1578 quod
829 1509 886 1560 nos
901 1508 1072 1578 possumus
1094 1491 1282 1559 naturaliter
1302 1491 1479 1579 intelligere
1494 1509 1567 1559 cum
1584 1491 1673 1559 adiu·

170 1606 251 1674 torio
273 1606 488 1693 dispositionis
511 1606 612 1693 ipsius
635 1607 765 1688 mundi,
788 1607 870 1697 qrcid
884 1614 933 1675 est
949 1607 1049 1687 beus,
1065 1606 1096 1673 in
1113 1607 1267 1693 generali,
1290 1607 1466 1694 cognitione
1492 1614 1597 1675 tanien
1620 1608 1672 1675 de

170 1723 225 1791 bili
249 1729 281 1790 et
302 1723 457 1804 obscura,
480 1741 542 1790 non
567 1722 751 1791 imrnerliata
780 1724 971 1810 cognitione,
995 1722 1050 1792 sed
1082 1724 1220 1790 mediata
1243 1731 1274 1790 ct
1303 1742 1361 1809 ρετ
1384 1723 1576 1792 discursum.
1609 1723 1670 1790 Sed

169 1840 230 1907 boc
253 1838 403 1907 ultimum
426 1858 488 1907 nrm
512 1839 607 1908 debet
631 1839 742 1907 relerri
765 1839 806 1906 ad
829 1837 980 1925 angelos,
1003 1841 1095 1927 quia,
1120 1839 1267 1927 quamvis
1289 1840 1469 1907 Creatorem
1494 1839 1526 1906 in
1551 1839 1671 1907 luririno

169 1953 308 2022 naturali
330 1972 388 2042 ρετ
411 1962 575 2024 creaturas
597 1954 705 2042 aliquo
729 1955 824 2023 modo
848 1955 1079 2037 intellexerint,
1111 1956 1142 2022 in
1176 1956 1315 2041 generali
1339 1956 1458 2023 scillam
1481 1963 1511 2023 et
1535 1956 1671 2025 obscuro

169 2077 202 2138 et
224 2070 377 2151 mediate,
401 2077 438 2140 ut
460 2071 582 2140 dictum
605 2077 668 2152 est,
691 2078 796 2140 umen
820 2092 886 2140 two
902 2071 1204 2152 discurro-nasum
1226 2072 1310 2141 enim
1328 2090 1390 2141 non
1413 2072 1595 2155 rationales,
1613 2073 1670 2141 sed

170 2186 408 2256 intellectuales.

720 2421 925 2491 tultcbltts
948 2421 1118 2509 QUlNTUS.

260 2651 412 2738 Quintum
435 2651 608 2721 articulum
632 2653 760 2722 declaro
783 2654 837 2722 sic.
854 2655 939 2723 Visio
963 2653 1185 2723 intellectualis
1200 2661 1248 2723 est
1270 2655 1406 2741 cognitio
1422 2674 1483 2723 non
1500 2674 1669 2743 quaecum·

172 2788 253 2858 quc,
275 2768 331 2837 sed
357 2769 518 2849 intuitiva,
542 2787 604 2836 non
628 2769 821 2851 discursira3
845 2770 1044 2852 immediata,
1068 2788 1130 2838 non
1154 2771 1306 2852 mediatm
1329 2780 1361 2839 ει
1384 2773 1409 2840 si
1434 2779 1481 2841 est
1498 2772 1578 2839 visio
1601 2790 1670 2858 per·

171 2885 268 2966 locta,
292 2903 355 2952 non
377 2892 427 2954 est
449 2885 669 2953 tantummodo
693 2885 725 2953 in
748 2886 905 2973 generali,
929 2885 984 2954 scd
1009 2887 1040 2955 in
1063 2886 1207 2974 speciali,
1231 2905 1293 2953 non
1316 2887 1463 2968 obscura,
1491 2887 1548 2955 sed
1572 2888 1667 2955 clara

171 3002 232 3070 Sed
255 3002 404 3089 cognitio,
427 3020 524 3089 quam
548 3019 719 3090 possumus
742 3003 860 3071 babere
884 3003 923 3072 de
946 3003 1011 3071 Deo
1033 3021 1091 3092 ρετ
1115 3003 1268 3072 rationem
1293 3002 1489 3085 naturalem,
1514 3003 1670 3072 creaturis

171 3117 375 3186 sensibilibus
397 3118 557 3200 adiutam,
580 3126 629 3186 est
658 3118 809 3200 obscura,
840 3137 902 3186 non
926 3118 1029 3200 clara;
1053 3139 1115 3187 non
1139 3121 1171 3186 in
1195 3119 1341 3207 speciali,
1365 3120 1421 3187 sed
1454 3120 1486 3186 in
1510 3119 1668 3207 generali;

168 3253 231 3302 non
255 3234 455 3317 immediata,
479 3234 536 3303 sed
561 3235 711 3316 mediata;
742 3254 804 3302 non
828 3235 989 3317 intuitiva,
1013 3236 1068 3305 sed
1096 3236 1287 3305 discursira:
1313 3253 1390 3322 ergo
1411 3235 1468 3304 etsi
1497 3252 1669 3322 possumus

168 3359 329 3419 aeternam
354 3351 521 3419 ueritatem
544 3350 732 3420 naturaliter
755 3369 812 3438 ρετ
835 3360 1000 3420 creaturas
1022 3370 1211 3439 cognoscere
1234 3352 1342 3439 aliquo
1366 3351 1478 3433 modo,
1502 3358 1538 3419 ut
1562 3351 1667 3419 risum

167 3474 232 3548 εει,
256 3484 319 3534 uon
344 3472 448 3535 tamen
473 3484 643 3554 possumus
666 3467 855 3535 naturaliter
877 3485 947 3535 eam
972 3486 1030 3555 per
1052 3474 1217 3537 creaturas
1240 3467 1359 3535 ridere.
1383 3467 1493 3534 liliaor
1517 3466 1594 3534 satis
1617 3466 1669 3535 de·

168 3583 288 3650 clarata
308 3589 357 3650 est
379 3600 437 3669 per
460 3582 631 3651 articulum
655 3584 896 3670 praecedentem
920 3590 952 3652 ει
975 3601 1033 3672 ρετ
1060 3584 1220 3671 quendam
1244 3584 1416 3651 articulum
1450 3581 1668 3650 excommuni-

168 3706 275 3767 catum
290 3699 312 3782 ¹,
335 3699 391 3787 qui
415 3700 486 3767 talis
509 3706 569 3768 est:
594 3700 680 3787 quod
709 3725 725 3762 «
741 3701 921 3769 intellectus
943 3709 1050 3770 noster
1073 3719 1130 3787 ρετ
1154 3719 1213 3768 sua
1237 3700 1394 3768 naturalia
1417 3707 1520 3786 potest
1552 3698 1668 3785 pertin

167 3833 242 3902 gere
265 3814 307 3884 ad
331 3815 585 3902 cognoscendum
607 3815 775 3884 essentiam
800 3834 914 3884 causae
938 3816 1069 3902 primae.
1094 3816 1155 3885 lloc
1179 3814 1262 3884 male
1284 3823 1374 3883 sonat
1397 3823 1429 3883 ot
1451 3815 1483 3881 in
1507 3831 1667 3895 errorem,

167 3932 193 3999 si
218 3931 413 4018 intelligatur
435 3931 476 3999 de
499 3930 674 4017 cognitione
697 3931 926 4001 immediata».
951 3931 981 3999 ln
1011 3933 1070 4000 boc
1094 3932 1248 4019 probatur
1272 3932 1324 4000 liic
1355 3930 1487 4018 quintus
1510 3928 1667 4019 articulus

166 4054 198 4115 et
212 4054 348 4135 quartus
363 4047 461 4115 huius
475 4047 677 4134 quaestionis.
690 4085 735 4097 -
746 4047 869 4117 Dicitur
883 4049 978 4116 etiam
996 4049 1117 4136 primae
1133 4048 1172 4117 ad
1191 4048 1391 4116 Timotbeum
1409 4047 1522 4114 ultimo
1533 4046 1562 4127 .',
1579 4044 1666 4133 quod

167 4162 273 4230 tracia
296 4161 424 4230 labitat
447 4162 723 4243 inaccessibilem,
747 4163 906 4251 loquendo
928 4164 1047 4233 scilicet
1070 4164 1109 4232 de
1133 4182 1262 4231 artacem
1286 4162 1468 4230 immediato
1497 4179 1554 4249 per
1578 4167 1667 4227 natu

168 4298 246 4347 ram.
270 4279 381 4346 lllaior
411 4285 515 4366 potest
548 4278 594 4347 sic
617 4279 773 4347 declarari
807 4298 866 4366 ρετ
889 4280 1074 4365 exemplum
1110 4280 1140 4346 in
1166 4279 1341 4364 coguitione
1374 4277 1535 4345 sensitiva.
1567 4275 1663 4341 Vbiis

166 4396 269 4476 enim,
291 4395 391 4463 cum‘
415 4394 500 4463 uidet
524 4395 681 4477 colorem,
702 4398 862 4482 cognoscit
885 4397 990 4483 ipsum
1015 4397 1221 4476 incncedcatc,
1245 4396 1320 4484 quia
1344 4395 1558 4482 perspectam
1583 4392 1666 4462 colo-

167 4510 212 4579 ris
235 4511 265 4577 in
283 4510 420 4579 colorem
437 4509 619 4578 immediate
635 4511 802 4597 dirigitur;
825 4512 983 4598 cognoscit
999 4512 1092 4580 etiam
1118 4513 1223 4599 ipsum
1241 4512 1391 4579 triticitioe
1413 4510 1481 4578 sine
1498 4509 1663 4590 discursu,

167 4632 198 4694 et
213 4626 284 4695 ideo
300 4626 438 4694 mlorem
463 4626 571 4695 videre
587 4627 718 4708 dicitur3
734 4628 789 4695 sed
807 4645 881 4696 cum
903 4628 1116 4695 aestimativa
1139 4646 1197 4715 per
1219 4627 1355 4713 liguram
1372 4635 1404 4695 et
1425 4626 1563 4694 colorem
1582 4624 1664 4711 lupi,

167 4761 248 4830 qliae
270 4762 289 4810 a
313 4743 384 4811 risu
408 4743 575 4821 uidentur,
598 4743 757 4826 cognoscit
780 4743 959 4811 inimicitias
981 4744 1068 4824 cirus,
1099 4761 1181 4831 quae
1204 4742 1265 4811 sub
1288 4742 1377 4809 nullo
1404 4759 1500 4809 seusu
1529 4738 1665 4826 particu-

166 4858 224 4925 lari
248 4858 448 4939 ceciderunt,
471 4865 502 4926 ει
525 4877 663 4945 quarum
686 4859 823 4945 speciem
848 4859 1011 4946 propriam
1034 4878 1095 4926 non
1129 4858 1255 4945 recipit:
1289 4858 1435 4945 quaruvis
1466 4857 1592 4923 dicatur
1615 4876 1653 4921 co

163 4994 320 5062 gnoscere
343 4973 522 5042 inimicitias
547 4973 627 5061 lupi,
651 4992 713 5042 non
737 4981 843 5042 tamen
866 4975 952 5043 cunc
975 4994 1044 5057 eas,
1067 4975 1143 5062 quia
1166 4974 1197 5041 in
1213 4974 1299 5061 ipsas
1316 4973 1494 5043 inimicitias
1518 4992 1580 5039 non
1605 4974 1665 5041 ler-

260 5295 268 5330 ¹
288 5298 307 5348 Α
327 5295 382 5350 scd.
400 5324 437 5337 -
455 5296 638 5351 praecedentia
658 5298 741 5349 iustus
759 5298 866 5362 exponit
883 5305 975 5351 orrctor
993 5298 1010 5349 l.
1031 5298 1100 5350 Scut.
1120 5297 1146 5350 d.
1166 5298 1190 5349 3.
1210 5312 1232 5350 a.
1254 5297 1278 5348 l.
1298 5297 1322 5348 2.

203 5396 205 5401 ’
253 5394 264 5430 ²
283 5394 335 5449 Cir.
354 5410 434 5461 supro
454 5411 515 5462 prag.
537 5395 601 5462 llll,
622 5401 681 5448 noto
703 5395 726 5446 ι.
745 5422 781 5434 -
799 5395 855 5447 llos
874 5400 895 5447 Α
914 5408 970 5449 esse
988 5394 1116 5450 essentiae
1133 5393 1238 5464 priumie
1263 5410 1313 5461 pro
1331 5391 1473 5448 coactitiam
1493 5407 1593 5449 caricae
1608 5392 1663 5462 pri·

166 5505 240 5558 mac,
262 5498 288 5544 ει
307 5493 402 5547 delude
419 5493 448 5547 iu
467 5507 563 5549 errore
581 5494 639 5546 loco
657 5491 686 5546 in
704 5506 834 5547 errorum.

252 5590 357 5644 etun.
380 5591 419 5644 ro.
440 5592 566 5659 Vulgata:
587 5572 720 5644 incassat.

254 5687 265 5723 ⁴
283 5689 303 5742 B
321 5687 376 5760 qui.
