3870 6488
218 362 280 429 tto
714 381 864 440 ucnesrro
888 382 1059 430 ursncrara
1083 380 1208 440 ostiara

214 523 275 570 nun
301 504 502 585 videbanum,
527 512 622 593 atque
639 505 711 573 inde
729 505 855 592 incipiat
878 505 982 592 imago
1005 506 1074 573 eius
1097 506 1220 574 esseio
1245 505 1360 593 spiritu
1383 512 1507 585 nostro,
1530 523 1594 592 quo
1617 504 1709 585 illud,

213 639 287 688 cum
305 620 426 689 absens
461 622 567 703 fuerit,
603 622 828 704 recordamur;
851 629 958 690 tamen
990 623 1122 690 eandem
1149 622 1317 708 imaginem
1351 621 1421 690 eius
1445 641 1507 689 non
1534 641 1653 708 corpus
1677 620 1709 689 in

214 736 345 821 spiritu,
370 737 426 805 sed
451 737 517 823 ipsc
541 737 672 825 spiritus
695 738 726 804 in
743 757 777 805 se
792 738 867 807 facit
882 738 1042 806 celeritate
1057 737 1239 805 mirabili».
1263 738 1299 805 Et
1321 746 1393 826 post
1415 738 1508 819 dicit,
1532 736 1711 825 quodcum

215 854 283 920 vult
305 854 485 935 recordari,
509 854 627 922 inuenit
650 855 721 922 illas
745 855 897 941 imagines
921 854 1018 923 lacus
1040 873 1060 922 a
1083 872 1117 922 se
1141 855 1171 921 in
1196 873 1244 935 se;
1267 872 1343 942 ergo
1366 863 1424 923 etc.

302 970 332 1036 lu.
357 969 451 1051 ltem,
476 971 558 1038 idem
583 971 695 1039 anilem
727 971 818 1053 libro,
841 970 980 1058 capitulo
1014 970 1137 1039 decimo
1171 971 1326 1059 quarto¹:
1359 971 1503 1039 «Eodem
1527 975 1710 1051 momento,

213 1104 278 1172 quo
300 1104 416 1173 corpus
438 1086 565 1173 aliquod
591 1105 686 1156 sensu
710 1087 853 1174 corporis
876 1087 1036 1173 tangitur,
1060 1088 1096 1155 ht
1120 1089 1149 1155 in
1172 1087 1278 1156 animo
1295 1088 1356 1156 tale
1379 1086 1511 1175 aliquid,
1535 1104 1597 1155 non
1621 1085 1711 1173 quod

212 1201 272 1269 hoc
297 1203 353 1282 sit,
377 1203 432 1270 scd
456 1203 542 1289 qrrod
566 1203 669 1271 simile
692 1203 746 1284 sit3
770 1203 856 1290 quod
881 1203 906 1271 si
932 1222 992 1271 non
1010 1203 1114 1285 heret,
1131 1222 1189 1273 nec
1205 1222 1320 1273 sensus
1337 1204 1390 1272 ille
1413 1210 1496 1273 esset
1512 1232 1542 1268 ».
1567 1202 1710 1288 etpost:
1767 1181 1776 1197 ⁸

219 1316 353 1403 «Neque
374 1318 459 1385 eninr
483 1336 600 1405 corpus
622 1318 734 1400 sentit,
758 1319 813 1386 sed
836 1319 942 1386 aniana
965 1337 1023 1406 per
1046 1338 1173 1407 corpus,
1196 1339 1260 1407 quo
1285 1319 1372 1388 velut
1394 1319 1506 1387 nuntio
1533 1319 1636 1386 utitur
1667 1317 1711 1386 ad

213 1433 416 1500 formandum
441 1434 544 1515 inse,
568 1435 654 1522 quod
677 1435 822 1503 exterius
844 1435 1052 1503 nuntiatur».
1086 1436 1167 1523 Ergo
1189 1435 1273 1504 idem
1297 1435 1382 1523 quod
1407 1435 1506 1523 prius

304 1551 332 1615 5.
357 1548 444 1639 ltere,
469 1548 586 1617 seuto²
610 1550 766 1618 llusicae:
796 1550 994 1636 «Diligenter
1011 1551 1275 1621 considerandum
1294 1559 1358 1632 est,
1375 1558 1485 1618 utrum
1502 1568 1614 1618 reuera
1629 1549 1714 1617 nihil

214 1664 254 1731 sit
276 1664 364 1732 aliud
388 1665 474 1752 quod
497 1665 614 1734 dicitur
637 1666 767 1747 andire,
791 1665 850 1734 uisi
874 1667 996 1754 aliquid
1018 1686 1038 1734 a
1061 1685 1194 1755 corpore
1217 1668 1249 1735 in
1273 1667 1380 1736 anima
1402 1667 1480 1736 fleri.
1505 1667 1566 1735 Sed
1597 1667 1713 1752 perab

213 1780 350 1848 surdum
374 1787 422 1849 est
445 1780 625 1849 fabricatori
649 1781 773 1869 corpori
798 1781 964 1850 materiam
998 1800 1127 1870 quoquo
1162 1783 1257 1851 modo
1279 1783 1418 1850 animam
1443 1780 1592 1850 subdere.
1626 1781 1714 1850 Nun

213 1913 310 1983 qnam
334 1896 417 1964 enim
441 1905 489 1965 ost
511 1898 617 1965 anima
648 1917 781 1986 corpore
815 1898 971 1979 deterior,
994 1905 1026 1967 et
1059 1900 1163 1968 omnis
1197 1898 1331 1967 mamria
1363 1897 1536 1966 fabricante
1558 1897 1712 1967 deterior.

213 2012 305 2079 Nullo
328 2013 424 2079 modo
448 2013 544 2100 igitur
566 2015 673 2081 anima
696 2013 877 2082 fabricatori
900 2013 1023 2101 corpori
1049 2021 1098 2082 est
1121 2013 1262 2082 subiecta
1285 2013 1451 2093 materies3
1473 2019 1556 2082 esset
1578 2019 1711 2095 autent,

213 2127 238 2195 si
262 2129 386 2215 aliquos
409 2129 441 2196 in
464 2148 502 2197 ea
524 2148 677 2199 nunteros
704 2148 821 2217 corpus
843 2137 1041 2218 operaretur.
1065 2130 1131 2197 Non
1154 2148 1248 2217 ergo,
1272 2148 1347 2199 cum
1369 2130 1538 2211 audimus,
1569 2129 1654 2197 finnt
1680 2130 1713 2197 in

212 2244 318 2310 anima
341 2245 467 2314 numeri
490 2245 532 2313 ah
555 2245 593 2313 iis
624 2265 704 2333 quos
727 2245 757 2312 in
782 2246 867 2314 mnis
891 2246 1153 2333 cognoscimus».
1178 2246 1212 2313 Et
1240 2252 1327 2333 post:
1359 2245 1600 2313 «Poterimusne
1637 2263 1715 2332 ope

213 2359 294 2427 ranti
319 2361 443 2447 corpori
467 2369 500 2430 et
522 2379 672 2430 numeros
695 2361 867 2449 imponenti
885 2362 1024 2428 animam
1040 2361 1196 2442 subdere,
1213 2367 1248 2429 ut
1263 2360 1344 2428 illud
1360 2360 1402 2428 sit
1416 2360 1575 2429 fabricans
1590 2360 1673 2429 illud
1687 2361 1713 2443 ⁸,

213 2476 291 2543 haec
312 2483 419 2543 autem
444 2477 609 2558 materies,
633 2478 673 2545 de
697 2496 761 2565 qua
782 2477 861 2545 etin
884 2495 948 2564 qiua
970 2494 1178 2545 numerosum
1202 2476 1323 2564 aliquid
1346 2476 1544 2545 fabricetur?
1567 2477 1661 2563 Quod
1681 2477 1712 2545 si

212 2591 394 2673 credimus,
418 2592 608 2661 deteriorem
632 2593 718 2660 illam
743 2594 914 2662 credamus
935 2611 1063 2662 necesse
1086 2600 1143 2662 est.
1167 2595 1236 2680 Quo
1257 2593 1335 2682 quid
1364 2592 1529 2676 miserius,
1553 2592 1632 2681 quid
1656 2592 1715 2662 de·

212 2708 390 2776 testahilius
412 2709 499 2778 credi
523 2716 676 2796 potest-'t
701 2711 780 2796 Ergo
802 2716 860 2777 etc.

305 2827 334 2892 6.
359 2824 450 2906 ltem,
475 2825 577 2912 flugo,
600 2825 818 2907 Didascalion,
842 2825 924 2893 libro
947 2825 1051 2914 primo
1074 2825 1105 2892 in
1139 2825 1338 2914 principi0⁴,
1368 2826 1505 2895 recitans
1527 2825 1713 2913 opinionem

213 2941 513 3028 Pythagoricorum,
537 2942 592 3028 qui
616 2943 747 3025 dicunt,
770 2943 908 3010 animam
931 2961 974 3011 ex
995 2942 1144 3011 omnibus
1168 2943 1290 3010 naturis
1312 2942 1533 3030 compositam,
1560 2960 1599 3011 eo
1620 2943 1713 3031 quod

204 3049 314 3125 'simile
338 3076 399 3124 non
432 3058 683 3144 apprehenditur
718 3077 776 3128 nec
810 3058 1010 3145 cognoscitur
1045 3057 1104 3125 nisi
1139 3058 1252 3140 simili,
1276 3058 1369 3141 dicit,
1397 3058 1483 3146 quod
1513 3058 1717 3145 Pythagoras

213 3172 346 3254 dicebat,
368 3173 507 3241 animam
524 3192 566 3243 es
581 3173 730 3243 omnibus
746 3181 890 3243 mustare
913 3173 1046 3256 naturis,
1064 3198 1081 3236 «
1092 3192 1154 3241 non
1171 3173 1348 3242 secnmnm
1365 3174 1634 3262 compositionem,
1649 3175 1713 3244 sed

211 3289 387 3356 secundum
414 3289 649 3376 compositionis
672 3291 835 3358 rationem.
860 3291 967 3378 Neque
989 3291 1073 3359 enim
1098 3287 1201 3379 [haec]
1227 3296 1337 3358 rurum
1361 3290 1505 3358 omniurn
1528 3289 1713 3358 similitudo

210 3404 340 3473 aliunde
362 3412 419 3472 aut
440 3406 641 3475 extrinsecus
665 3405 813 3496 [animae]
837 3407 989 3476 aduenire
1011 3407 1170 3475 credenda
1193 3412 1258 3488 est,
1282 3405 1338 3475 sed
1362 3404 1456 3496 [ipsa]
1480 3405 1585 3494 potius
1609 3404 1713 3497 [eam]

212 3518 244 3586 in
268 3538 301 3587 se
324 3528 355 3589 et
378 3539 420 3590 ex
443 3540 477 3590 se
501 3523 607 3589 nativa
629 3522 768 3610 quadam
792 3523 931 3608 potentia
953 3530 985 3590 et
1007 3522 1137 3610 propria
1161 3522 1278 3590 virtute
1301 3523 1427 3610 capit».
1451 3523 1532 3609 Ergo
1553 3528 1613 3591 etc.

302 3640 332 3703 7.
356 3636 449 3718 ltern,
474 3637 682 3724 Philosophus
704 3644 736 3706 et
759 3656 839 3706 suus
861 3640 1094 3707 commentator
1139 3656 1236 3725 super
1257 3639 1387 3707 tertium
1411 3638 1452 3708 de
1474 3638 1609 3707 hnima⁸
1626 3657 1717 3708 corn·

212 3760 304 3839 parat
325 3753 463 3820 animam
488 3753 554 3822 sive
579 3753 773 3823 intellectum
796 3755 963 3823 materiae:
988 3772 1064 3841 ergo
1088 3753 1171 3822 sicut
1193 3771 1227 3822 se
1250 3753 1346 3822 habet
1370 3754 1502 3823 materia
1522 3754 1564 3822 ad
1588 3755 1716 3827 formas

211 3868 390 3946 naturales,
414 3869 457 3936 ita
480 3886 514 3938 se
539 3869 633 3937 habet
656 3876 763 3938 noster
786 3870 965 3938 intellectus
979 3870 1020 3938 ad
1036 3869 1157 3957 species
1180 3868 1401 3956 intelligibiles.
1424 3870 1487 3938 Sed
1510 3869 1716 3941 materialia

212 4002 246 4052 se
270 3984 366 4053 hahet
387 3986 428 4054 ad
451 3985 586 4067 formas,
609 3986 695 4073 quod
719 4005 780 4053 non
805 3986 936 4054 veniunt
959 3987 990 4052 in
1013 4004 1084 4054 eam
1118 3985 1160 4053 ab
1182 3992 1290 4066 extra,
1318 3985 1375 4054 sed
1410 3985 1450 4054 de
1477 3985 1618 4073 potentia
1645 4004 1718 4055 rua-

212 4101 310 4169 feriae
333 4082 530 4170 educuntur:
555 4120 632 4189 ergo
654 4102 799 4170 similiter
822 4103 865 4170 ita
887 4120 921 4171 se
945 4102 1041 4170 hahet
1064 4102 1243 4171 intellectus
1269 4102 1310 4170 ad
1334 4100 1456 4189 species
1484 4100 1716 4188 intelligibiles,

212 4217 297 4303 quod
321 4236 383 4284 non
407 4218 538 4285 ueniunt
561 4218 592 4286 in
616 4218 811 4287 intellectum
834 4219 876 4286 ab
898 4225 1009 4300 extra,
1033 4218 1089 4286 sed
1113 4217 1219 4305 potius
1241 4217 1282 4286 de
1307 4218 1375 4303 ipso
1397 4218 1595 4299 formantur,
1620 4236 1718 4305 prae-

211 4333 304 4420 cipue
327 4350 400 4401 cum
425 4333 603 4402 intellectus
625 4334 666 4402 sit
689 4334 720 4401 in
747 4335 886 4421 potentia
921 4333 1023 4401 inulto
1057 4333 1159 4421 magis
1193 4333 1309 4402 actuali
1334 4340 1481 4421 respectu
1504 4333 1715 4421 specierum,

211 4467 308 4536 quarn
333 4449 465 4517 matoria
488 4459 634 4537 respectu
659 4450 846 4518 formarum.

301 4682 310 4716 ¹
329 4683 405 4736 Num.
424 4682 466 4734 51.
486 4681 586 4735 Editio:
606 4683 631 4735 iu
650 4696 678 4735 se
697 4683 761 4748 ipso,
781 4681 853 4750 quod
871 4683 1030 4735 extrinsecus
1047 4695 1098 4751 pro
1118 4683 1143 4734 ln
1162 4696 1191 4735 se
1210 4681 1282 4750 quod
1301 4683 1421 4735 exterius.

299 4780 392 4848 2(hap.
413 4780 437 4834 5.
457 4796 482 4833 (ι.
503 4782 527 4834 8.
546 4780 630 4836 Editio
649 4781 727 4847 legit:
747 4778 901 4834 fabricatore
920 4780 1033 4833 deterior
1049 4792 1101 4848 pro
1120 4779 1262 4834 fabricante
1280 4778 1400 4833 deterior.

299 4878 356 4932 ³ln
384 4880 497 4933 editlone
525 4879 598 4933 <locst
625 4877 701 4932 illud.
730 4879 847 4931 f‘rlnuun
875 4876 944 4932 illud
963 4877 1129 4931 referendum
1148 4883 1188 4932 est
1206 4877 1238 4931 ad
1259 4890 1373 4947 corpus,
1394 4876 1505 4931 aiterum
1528 4892 1595 4931 vcro
1619 4879 1658 4933 nd
1686 4882 1714 4935 ld

213 4977 310 5046 «quod
328 4978 353 5029 ln
372 4977 494 5030 audiente
512 4978 637 5042 contingit
651 4992 664 5024 u
678 4990 724 5029 scu
738 4976 773 5042 tlt,
787 4981 813 5029 et
824 4974 915 5044 «quod
935 4976 1043 5029 fortasse
1062 4976 1191 5042 expiiicaro
1205 4989 1255 5029 non
1269 4988 1433 5043 possumus»
1447 4973 1570 5043 (ingust.
1585 4974 1713 5048 ibidem).

301 5074 392 5141 ⁴Cap.
413 5077 437 5128 2.

299 5173 401 5227 ⁵'fert
425 5174 464 5227 ll.
484 5173 517 5240 (c.
537 5172 582 5240 5.).
600 5200 637 5212 -
656 5171 784 5239 flospectu
804 5174 991 5240 propositionis
1010 5173 1118 5225 rninods
1145 5173 1191 5227 cfr.
1211 5170 1330 5240 Aristot,
1350 5171 1377 5225 ll.
1403 5171 1437 5226 de
1458 5172 1580 5226 Generat
1602 5174 1713 5229 animal.

212 5286 234 5325 c.
255 5272 288 5340 3,
307 5271 353 5325 uhi
372 5280 397 5326 et
415 5275 465 5326 ait:
487 5272 574 5327 Restat
592 5272 688 5338 igitur,
708 5275 736 5323 ut
754 5284 829 5324 mens
848 5271 903 5325 sola
921 5272 1084 5325 extrinsecus
1102 5270 1217 5324 accedat
