3870 6488
681 1033 1122 1119 CONCLUSIO.

245 1577 323 1645 llaec
346 1592 448 1662 narica
472 1573 512 1641 cle
536 1591 571 1641 ce
594 1580 658 1641 tam
684 1574 773 1660 graui
797 1573 856 1640 noc
880 1571 947 1639 loco
969 1572 1053 1638 clieta
1076 1569 1243 1638 sullicinut.
1267 1568 1415 1637 Omniaa
1435 1573 1525 1641 uoltis
1541 1592 1652 1660 cogno

155 1691 199 1758 sci
235 1710 293 1779 per
316 1690 452 1778 primam
479 1689 642 1757 veritatem
666 1696 703 1756 ut
725 1689 829 1757 omnis
851 1688 1011 1755 liumauue
1045 1686 1230 1773 cognitionis
1260 1686 1451 1772 principium
1476 1697 1653 1770 renmtum,

156 1807 186 1874 in
211 1807 346 1875 dubium
369 1806 478 1873 coraci
502 1805 628 1893 nequit,
652 1823 725 1871 cum
750 1804 853 1891 prima
869 1804 987 1871 veritas
1003 1805 1106 1870 omnis
1122 1802 1264 1870 recitatis
1279 1804 1484 1889 participatae
1500 1805 1540 1872 sit
1557 1824 1652 1872 causa

153 1922 308 2005 efficiens
332 1921 527 2009 exemplaris
550 1928 581 1989 et
605 1920 718 1989 finalis.
743 1921 786 1987 lcl
811 1921 893 1988 lianc
917 1921 1013 2007 igitur
1047 1919 1229 1986 crteclrirtuna
1264 1919 1525 1989 illuminationem
1561 1922 1654 1989 reclrr·

152 2039 286 2107 cendam
309 2056 380 2107 esse
403 2038 589 2124 cognitionis
613 2039 772 2105 numanae
795 2037 960 2104 veritatem
985 2041 1016 2104 ct
1040 2035 1217 2122 primorum
1239 2035 1467 2123 principiorum
1486 2037 1653 2104 iularllilrili·

152 2163 235 2236 tem,
259 2173 353 2223 nemo
376 2154 435 2222 nisi
461 2154 575 2220 atheus
598 2171 713 2240 negare
738 2159 848 2238 potest.

244 2269 342 2337 Etiam
367 2269 420 2336 illa
444 2268 651 2350 illuminatio,
675 2287 771 2355 quam
796 2285 868 2335 curn
888 2268 973 2335 Emo
996 2266 1152 2334 Coccliuali
1178 2267 1313 2353 Zigliura
1337 2269 1521 2337 vocavimus
1544 2268 1654 2335 inum-

152 2386 299 2465 rliotom‚
324 2386 399 2473 qnia
422 2385 457 2452 sit
481 2403 539 2472 per
563 2384 617 2451 Dei
643 2402 833 2452 concursum
858 2384 899 2451 acl
924 2385 1166 2470 insumentum
1198 2383 1409 2471 intelligendi,
1445 2388 1549 2472 quoae
1581 2386 1654 2452 culi

151 2501 315 2569 stantium
337 2500 492 2588 probatur
515 2498 670 2568 constanti
695 2507 726 2567 et
749 2499 1008 2566 communissima
1033 2499 1063 2565 iu
1093 2499 1210 2567 sclrolis
1245 2500 1407 2567 catholicis
1442 2501 1586 2568 ‹loctrim
1611 2502 1651 2569 cle

153 2616 261 2683 uicino
283 2634 439 2684 concursu
465 2614 614 2701 generali.
639 2615 700 2683 Nec
724 2614 776 2682 ille
799 2614 918 2682 mortar
941 2614 1084 2683 eiusdem
1111 2614 1365 2697 illuminationis,
1401 2635 1495 2703 quem
1525 2619 1570 2683 Ss.
1597 2618 1654 2684 uu·

154 2732 301 2817 gostinus
324 2738 356 2800 et
379 2731 600 2799 Beneuentum
632 2739 831 2819 proponunt,
865 2733 890 2799 si
922 2730 1027 2798 sobrie
1062 2730 1264 2818 intelligitur,
1299 2732 1397 2799 ullam
1434 2732 1653 2800 ‹lillrcultatem

155 2847 274 2915 luthere
297 2846 435 2914 uidetur.

245 2962 290 3029 Ex
313 2970 452 3050 utroque
476 2962 577 3050 eapite
594 2963 814 3030 manifestatur
829 2963 908 3030 naec
924 2962 1112 3049 grauissima
1128 2962 1262 3045 veritas,
1278 2963 1363 3051 quoti
1380 2970 1444 3031 tuta
1461 2963 1530 3031 crim
1546 2972 1654 3031 nostra

155 3076 377 3146 intellectualis
399 3077 620 3157 essentialiter,
644 3085 675 3145 et
698 3078 826 3165 quidem
852 3078 981 3164 speciali
1001 3077 1104 3158 modo,
1127 3077 1285 3165 clepenclet
1307 3079 1348 3145 alt
1371 3096 1427 3161 eo,
1451 3079 1505 3166 oiri
1522 3085 1569 3146 est
1585 3080 1655 3146 cu'tn

154 3201 185 3259 et
206 3192 267 3259 lux
291 3190 464 3259 lancinant
487 3192 583 3273 (ioan
610 3195 646 3274 l,
669 3193 733 3278 le),
768 3193 803 3259 in
827 3213 890 3282 gem
924 3193 1069 3260 currimus
1104 3201 1133 3259 ct
1166 3212 1338 3261 nicoenum·
1361 3203 1392 3260 ct
1423 3214 1543 3261 ‚curcum
1577 3196 1653 3279 (1ch

158 3310 216 3389 17,
240 3308 335 3393 98.)‚·
350 3316 382 3375 et
405 3326 425 3375 a
446 3326 511 3394 quo
546 3308 641 3375 homo
671 3336 685 3365 ι
703 3316 789 3375 totus
812 3309 965 3395 clmrcmlet
980 3335 996 3370 »
1025 3317 1061 3376 nt
1090 3334 1106 3369 u
1121 3317 1237 3376 cren-tn
1259 3310 1349 3377 intio
1373 3310 1542 3378 inernntne
1571 3311 1656 3377 llua‘-

157 3422 221 3490 tati
239 3424 374 3511 penitus
395 3422 543 3490 sciliceta
565 3423 645 3489 sit»
676 3424 781 3509 (Cnnc.
805 3425 902 3493 l'atic.
927 3444 996 3511 cap.
1018 3424 1047 3492 3.
1072 3425 1112 3493 cle
1136 3425 1231 3511 tuto).

244 3540 328 3607 llanc
351 3539 515 3627 antiquam
538 3538 714 3607 cloctrinam
738 3540 990 3628 erenrplecicmi
1011 3541 1101 3609 uotis
1131 3540 1281 3609 ultimum
1317 3543 1515 3611 certitnclinis
1548 3542 1656 3610 turricla-

156 3664 300 3725 mentum
324 3656 492 3744 praebere,
516 3656 579 3723 iam
604 3674 703 3744 supra
725 3657 976 3726 observavimus.

245 3772 305 3841 Sed
330 3778 495 3859 praeterea
517 3771 629 3840 eadem
655 3772 798 3841 cloctrina
820 3773 908 3842 utilis
931 3781 979 3841 est
1002 3773 1042 3841 acl
1066 3773 1298 3842 retundendam
1322 3783 1354 3844 et
1376 3776 1579 3843 euertendam
1608 3792 1657 3843 eo

157 3905 231 3955 rum
255 3888 428 3968 insaniam,
452 3886 506 3975 qui
532 3886 573 3955 cle
595 3889 754 3956 humanae
779 3888 910 3956 cationis
934 3888 1184 3975 iccclcpcncleutio
1208 3909 1242 3957 se
1265 3882 1432 3972 iactantes,
1464 3892 1495 3958 in
1531 3910 1564 3958 se
1589 3891 1657 3978 ipso

156 4010 280 4090 ponunt
304 4002 447 4071 incitastis
469 4002 560 4089 quasi
585 4008 730 4071 cerrtrum
754 4009 785 4071 et
808 4022 995 4090 supremum
1021 4004 1179 4079 trilurnal·;
1202 4006 1288 4074 tincle
1312 4007 1491 4075 auctoritati
1519 4008 1657 4074 ciricum·

157 4136 221 4206 que
233 4117 426 4186 intellectum
440 4117 627 4186 submittere
643 4135 782 4205 eumque
799 4118 830 4185 in
843 4119 1055 4205 captiuitatem
1070 4119 1214 4206 colligere
1225 4120 1448 4207 cledignautur‚
1464 4122 1553 4210 qrrasi
1570 4122 1657 4189 olrso

157 4235 270 4321 quium
294 4239 460 4321 praestare
483 4233 640 4320 superiori
666 4234 835 4303 intellectui
861 4235 901 4302 sit
924 4235 1045 4322 aliquitl
1071 4237 1219 4319 interius,
1243 4238 1329 4325 qrrocl
1364 4238 1460 4306 uiolet
1494 4239 1656 4326 pretorium

159 4352 366 4420 maiestatem.
391 4350 460 4438 ipsa
483 4356 590 4417 autem
613 4350 731 4418 ueritas
754 4351 885 4431 clamat,
911 4351 1018 4419 lrrmen
1040 4352 1263 4437 intelligentiae
1280 4354 1438 4421 numanae
1454 4372 1516 4421 nou
1534 4362 1656 4423 mutum

157 4484 228 4537 esse
252 4467 420 4549 limitatum
444 4474 476 4535 et
499 4466 738 4554 imperfectum,
761 4468 817 4535 secl
844 4467 947 4555 ipsum
972 4468 1067 4535 etiam
1092 4468 1309 4555 multipliciter
1324 4470 1505 4556 denonrlcre
1532 4490 1550 4537 a
1574 4489 1659 4538 rnen-

159 4602 237 4652 sura
258 4583 397 4672 quatiam
422 4583 580 4664 recitatis,
603 4601 700 4670 quam
724 4602 786 4651 uon
811 4583 905 4651 lrabet
928 4586 1057 4671 proprie
1080 4584 1116 4651 c'u
1142 4604 1194 4664 sc,
1219 4586 1273 4653 secl
1302 4594 1400 4653 ectru
1434 4606 1469 4652 cc
1495 4593 1527 4653 et
1549 4606 1658 4673 sineru

159 4718 217 4767 se:
239 4708 337 4767 estro
358 4718 415 4778 ae,
439 4716 513 4767 cum
538 4698 654 4767 cecitas
679 4699 899 4768 intellectualis
921 4700 1108 4785 cognitionis
1131 4701 1308 4786 ‹lenendeat
1330 4720 1350 4767 a
1381 4701 1513 4769 recitate
1549 4719 1656 4769 rernm

161 4822 284 4896 crarta,
307 4815 406 4882 immo
427 4832 447 4882 a
467 4815 565 4884 rebus
587 4814 822 4896 materialibus,
846 4833 984 4902 qrrornm
1021 4815 1243 4885 similitudines
1277 4836 1335 4905 per
1368 4834 1482 4884 sensns
1513 4824 1658 4903 receptae

161 4931 375 5000 necessarium
399 4930 553 5000 exhibent
574 4931 783 5013 elementum,
806 4938 842 4998 ut
863 4931 1042 5001 intellectus
1069 4931 1189 5019 aliquid
1213 4932 1423 5001 determinate
1446 4940 1613 5019 cognoscat
1627 4933 1658 5010 ¹;
1756 4916 1761 4925 ’

252 5237 261 5274 ¹
280 5239 390 5307 lusurrcr
408 5238 558 5306 dependere
577 5222 734 5292 intellectum
753 5238 913 5305 lurmamurr,
933 5251 965 5290 ne
984 5243 1116 5291 remancat
1143 5238 1250 5289 omnino
1279 5236 1353 5289 rudis
1371 5242 1396 5289 ct
1415 5237 1526 5290 lneultus
1544 5242 1570 5286 ct
1588 5237 1659 5301 iguo·

162 5337 260 5390 cantiae
279 5336 394 5390 tencbrls
412 5337 558 5401 lm'olutus,
577 5335 612 5389 ub
632 5336 730 5388 influxu
750 5337 880 5388 societatis
898 5336 1045 5401 lurmanue,
1064 5337 1109 5403 orii
1129 5335 1155 5387 nr
1175 5348 1223 5400 occ
1241 5331 1366 5399 ccultum,
1387 5348 1436 5400 ncr
1454 5332 1656 5399 institutionem,

164 5448 212 5499 pcc
230 5433 420 5490 commercium
439 5431 617 5488 intellectuale
636 5447 697 5485 cum
711 5435 815 5485 scicntia
830 5447 989 5486 coaevorum
1002 5438 1028 5485 ct
1047 5438 1254 5499 antecessorum,
1273 5440 1325 5486 mm
1346 5435 1511 5486 manilii-itum
1530 5440 1578 5497 cst,
1597 5440 1624 5484 ut
1644 5450 1658 5485 a

164 5534 267 5585 neurim·
285 5535 375 5598 negari
394 5533 484 5598 noscit.
502 5531 554 5584 Sed
573 5533 640 5584 lianc
659 5532 770 5584 ullorum
790 5533 926 5584 lrominum
945 5533 1097 5597 scientium,
1117 5546 1178 5583 curu
1197 5547 1249 5599 qim
1275 5535 1450 5585 communiuit
1468 5539 1493 5583 ct
1511 5548 1524 5583 u
1545 5546 1596 5598 curu
1617 5531 1659 5582 cle·

165 5630 260 5695 nuum
278 5630 421 5683 intellectus
439 5630 584 5695 liumunus,
604 5636 632 5682 nt
651 5629 748 5695 clincat,
768 5643 818 5681 non
839 5643 981 5695 possumus
1000 5642 1096 5683 rocacc
1114 5643 1271 5683 locusticum
1292 5631 1414 5682 rer-itatis.
1592 5620 1600 5635 ⁸
