3870 6488
807 820 856 870 ιιι.
881 818 1049 867 usrumer.
1613 796 1666 862 llil

173 955 324 1034 tanquam
348 946 472 1033 aliquos
496 962 647 1012 muneros
670 963 787 1031 corpus
812 944 842 1010 in
868 944 936 1030 ipsa
959 942 1149 1019 fabricetur,
1174 940 1332 1029 quiahoc
1356 938 1590 1026 perabsurdum
1615 945 1672 1017 est,

172 1071 208 1130 ut
232 1062 309 1129 <licit
332 1060 526 1147 huguslinus
548 1066 579 1126 el
604 1059 813 1146 l‘hilosoplms
826 1060 845 1139 ¹,
869 1059 1019 1145 qrroniarn
1054 1057 1182 1124 omnino
1214 1057 1427 1143 praestantius
1450 1064 1481 1123 et
1506 1055 1671 1122 lnurorahi·

174 1178 237 1245 lius
260 1182 308 1243 ost
330 1194 427 1261 agens
451 1176 599 1261 patiente.
624 1174 684 1242 Sed
708 1175 814 1241 anima
838 1174 983 1260 colligata
1006 1181 1054 1241 est
1081 1172 1206 1259 corpori
1242 1179 1279 1239 ut
1313 1172 1485 1258 perfectio,
1511 1191 1572 1238 nou
1597 1191 1673 1258 pars

173 1294 272 1379 parti,
296 1291 353 1360 sed
377 1298 442 1359 tota
466 1291 520 1358 mli
544 1296 576 1357 et
600 1296 664 1357 hila
686 1289 817 1359 cuilihet
839 1290 937 1377 parti,
960 1289 1106 1375 colligata
1132 1289 1259 1375 inquam
1276 1296 1307 1355 et
1323 1288 1471 1374 copulata
1494 1288 1672 1355 sccuurlum

173 1408 311 1495 aliquam
336 1405 592 1493 dispositionem,
615 1425 680 1492 qua
703 1412 804 1473 stante
838 1412 870 1473 et
903 1412 1050 1473 manente
1086 1411 1147 1473 stat
1170 1404 1246 1471 uuio
1269 1410 1301 1471 ct
1323 1403 1498 1489 colligatio,
1530 1411 1672 1471 cessante

173 1530 282 1591 cesset
309 1523 344 1590 Et
379 1521 548 1608 colligatur
582 1521 718 1589 dirersis
752 1521 880 1607 organis
914 1519 1092 1588 secuudum
1120 1520 1264 1587 clirersas
1287 1519 1337 1585 sui
1362 1519 1448 1587 vires
1470 1525 1502 1586 et
1526 1519 1670 1587 diuersas

174 1638 412 1724 clisprsitiones,
436 1644 571 1724 excepta
595 1636 801 1716 intellectiva,
824 1656 906 1723 quaro
929 1636 1050 1703 nullius
1073 1636 1173 1722 pomis
1189 1635 1332 1721 corporis
1346 1640 1394 1701 est
1409 1640 1521 1714 actus,
1544 1640 1581 1700 ut
1596 1634 1672 1701 elicit

178 1754 386 1840 Philosophus
403 1753 426 1818 ⁵¹.
450 1753 583 1839 eranrlo
605 1760 713 1820 autem
742 1751 777 1819 lit
812 1752 991 1819 innnutatio
1022 1751 1052 1818 iu
1088 1750 1196 1838 aliquo
1218 1768 1337 1837 organo
1361 1768 1514 1836 celirporeo
1537 1768 1595 1837 por
1618 1751 1672 1816 ali-

173 1886 269 1954 quam
294 1867 449 1954 speciem,
474 1887 536 1934 nim
560 1874 662 1955 potest
686 1868 785 1937 latere
808 1867 946 1934 animam
971 1866 1147 1934 secundum
1173 1865 1259 1932 illam
1283 1865 1454 1951 potentiam
1471 1866 1581 1951 organi
1605 1885 1673 1952 per-

176 1984 334 2051 fectricem
367 1990 398 2050 ct
422 1984 604 2064 rillilricem,
628 1984 683 2051 secl
713 1984 818 2051 statim
854 1983 990 2070 principit
1024 2002 1112 2063 cam;
1137 1981 1339 2068 percipiendo
1364 2000 1439 2049 roro
1460 1983 1576 2049 lorrnat
1599 2000 1669 2049 eam

176 2097 206 2163 in
231 2115 264 2165 se
288 2098 465 2166 seeundum
491 2099 577 2166 illius
599 2099 709 2185 organi
733 2099 987 2185 proportionem,
1012 2099 1055 2165 ita
1077 2098 1161 2184 quod
1189 2098 1238 2165 rel
1264 2098 1444 2166 sensihilem
1482 2098 1530 2165 rel
1564 2098 1671 2179 inrugi-

173 2214 320 2281 oahilem.
337 2213 429 2295 Nam,
447 2221 482 2282 ul
507 2215 575 2282 rull
597 2215 815 2301 ι1ιιςιι311ιιιι33
836 2222 868 2282 et
893 2215 1020 2283 ridetur
1038 2214 1118 2283 velle
1135 2214 1304 2295 hviceuna,
1321 2215 1479 2301 potentiae
1503 2214 1672 2282 sensilium

173 2348 233 2397 nou
258 2336 382 2397 taratrrm
406 2337 480 2398 sunt
503 2324 661 2418 pessime,
687 2331 783 2398 immo
798 2339 830 2398 et
845 2332 975 2398 actirae.
1002 2332 1053 2398 Est
1075 2340 1183 2398 autem
1208 2331 1279 2398 talis
1294 2331 1383 2397 onlo.
1408 2330 1512 2397 Primo
1528 2331 1671 2398 clclmtur

171 2446 293 2533 species
315 2446 360 2514 rei
385 2446 539 2527 risibilis,
562 2453 640 2533 puta
662 2446 777 2515 coloris
793 2447 844 2514 rel
862 2447 955 2528 luris,
980 2447 1096 2514 virtute
1120 2446 1250 2514 luminis
1265 2447 1479 2514 ahslrahentis
1502 2466 1604 2533 uslpm
1628 2447 1669 2513 acl

174 2561 343 2648 pupillam;
366 2582 424 2631 uec
448 2569 510 2631 stat
533 2563 563 2630 iu
589 2564 778 2651 superlicio,
803 2571 839 2631 ul
861 2564 904 2631 ihi
930 2564 1009 2630 risio
1033 2563 1234 2650 peniciatur,
1257 2563 1313 2630 sed
1337 2563 1450 2630 transit
1485 2581 1543 2649 per
1568 2564 1670 2630 hinni-

172 2675 250 2743 duru
274 2676 405 2763 glaciale
430 2696 532 2765 usquc
566 2678 597 2745 in
632 2678 838 2764 prolumlmn.
874 2679 1042 2746 lunnutato
1065 2678 1162 2765 igitur
1185 2696 1320 2765 organo,
1345 2678 1418 2746 ris⁴
1445 2678 1561 2755 risira,
1584 2699 1667 2765 pune

171 2792 213 2859 ihi
239 2792 323 2878 riget
345 2801 377 2862 et
400 2794 538 2863 ririlirat
560 2795 705 2875 oculum,
728 2795 933 2863 transformat
955 2813 1026 2862 cam
1060 2794 1091 2861 ln
1127 2814 1160 2863 se
1194 2802 1226 2863 et
1250 2795 1322 2863 lacit
1346 2796 1377 2861 in
1401 2814 1435 2863 se
1464 2794 1669 2881 spiritualiori

174 2908 284 2990 morlo,
307 2928 403 2995 quam
420 2911 461 2978 sit
477 2910 508 2977 in
532 2930 665 2997 organo,
690 2909 734 2978 illi
760 2919 864 2978 minen
889 2912 1168 2998 proportionatam.
1194 2911 1229 2977 Et
1253 2910 1343 2978 istius
1364 2911 1490 2996 signum
1507 2918 1569 2991 est,
1585 2912 1669 2997 ‹puorl

173 3020 369 3111 frequenter,
392 3040 512 3110 organo
536 3026 624 3094 risus
648 3026 829 3107 immutato,
854 3045 915 3093 non
944 3027 1109 3107 ridemus,
1144 3026 1295 3094 distracta
1318 3026 1350 3092 in
1372 3025 1460 3093 aliurl
1484 3025 1670 3107 intentione,

170 3147 208 3207 ut
233 3138 310 3207 uicit
332 3142 525 3227 haugustinns
560 3142 729 3210 urrdecimo
763 3143 804 3210 de
838 3142 989 3210 Trinitate
1004 3143 1031 3223 ⁶;
1054 3143 1110 3210 sell
1147 3142 1317 3210 intentione
1339 3142 1500 3223 adhibita,
1523 3160 1668 3210 consum-

171 3263 277 3323 matur
298 3257 377 3324 risio
400 3264 432 3324 et
459 3257 581 3324 nrrndiu
617 3264 695 3335 slat,
727 3258 882 3345 quainnliu
915 3264 1020 3325 manet
1051 3258 1181 3325 intentio
1203 3257 1357 3344 copulans
1380 3264 1411 3325 et
1434 3264 1545 3326 tenens
1568 3258 1668 3325 cariem

171 3372 307 3442 ridentis
329 3392 402 3443 cnm
426 3373 531 3460 specie
555 3375 599 3441 rei
625 3375 719 3441 visae.
743 3374 862 3442 Deinde
896 3394 915 3441 a
950 3392 1046 3443 sensu
1075 3374 1260 3461 particulari
1285 3394 1342 3461 per
1366 3392 1505 3443 nervum
1529 3375 1670 3461 ornicum

169 3488 313 3556 delectur
341 3489 508 3576 usquead
532 3508 661 3558 sensum
697 3509 917 3572 conmmnom,
951 3490 993 3558 ad
1028 3508 1124 3578 quem
1148 3490 1296 3559 deserunt
1319 3510 1432 3559 sensus
1456 3490 1666 3578 particulares

170 3622 229 3671 sua
251 3611 393 3684 sensata,
418 3612 569 3693 uinquam
593 3605 634 3672 acl
657 3604 814 3685 hulicem,
838 3613 875 3673 ut
897 3606 973 3674 dicit
997 3606 1191 3693 Augustinus
1214 3606 1353 3674 secundo
1377 3606 1417 3675 de
1442 3606 1553 3673 lihero
1582 3606 1667 3672 ,131ιί-

169 3720 265 3787 trio⁸.
289 3720 386 3788 llahet
408 3721 493 3789 enim
517 3722 658 3789 iurlicare
682 3721 722 3789 rlo
745 3722 877 3789 ohiectis
900 3740 1052 3790 sensuram
1078 3722 1318 3809 particularium
1350 3730 1382 3790 el
1409 3722 1449 3790 cle
1481 3722 1666 3789 ‹lihereuliis

169 3834 330 3922 ipsomm,
353 3853 391 3903 eo
414 3837 499 3923 quod
524 3837 672 3904 omnihus
695 3837 857 3923 praesidet
880 3844 1030 3924 reliquam
1056 3837 1165 3905 iudex.
1195 3838 1398 3905 Postmodum
1435 3857 1528 3911 roro,
1552 3837 1664 3904 inunu-

169 3956 233 4017 tato
255 3969 375 4037 organo
398 3952 582 4038 phantasiae
616 3953 683 4020 sire
715 3953 955 4038 imaginalium,
990 3953 1039 4020 ris
1073 3953 1292 4038 imaginalium,
1315 3970 1398 4040 qliae
1435 3953 1476 4019 ihi
1514 3953 1597 4038 rigel
1633 3960 1663 4020 et

167 4085 324 4153 organum
348 4067 428 4135 ilhnl
452 4075 593 4155 vegetat,
617 4086 699 4156 quae
722 4069 869 4156 quaruris
892 4087 1009 4155 corpus
1033 4088 1093 4135 non
1119 4070 1179 4149 sit,
1205 4069 1357 4155 imagines
1375 4076 1479 4135 tamen
1497 4087 1667 4154 corporum

166 4181 280 4268 accipit
302 4190 334 4249 et
356 4184 561 4251 transformat
585 4184 616 4251 in
640 4202 674 4251 se
697 4183 858 4251 celeritate
882 4183 1030 4251 mirahili.
1049 4184 1215 4252 litantem
1240 4184 1301 4252 isla
1316 4183 1434 4252 delatio
1451 4184 1665 4251 rrierliantihus

166 4297 332 4383 spiritibus
348 4299 572 4379 subtilissimis,
584 4300 639 4386 grai
656 4299 842 4367 deserviunt
859 4299 982 4367 ririhus
999 4299 1072 4379 illis,
1089 4306 1120 4367 ct
1137 4306 1212 4369 sunt
1228 4299 1410 4367 subtiliores
1426 4307 1457 4367 ct
1473 4300 1579 4367 minus
1595 4299 1668 4367 suh

169 4412 242 4481 tiles
257 4414 435 4482 secundum
458 4414 650 4501 exigentiam
668 4421 699 4482 et
716 4422 864 4482 naturam
877 4432 1086 4501 organorum,
1104 4414 1146 4481 ita
1162 4415 1247 4502 quod
1272 4414 1409 4500 specim,
1432 4415 1669 4500 quantomagis

257 4724 266 4761 ¹
286 4726 340 4779 lum
366 4740 445 4793 supra
466 4742 527 4793 pag.
551 4726 598 4779 llo
617 4728 700 4794 cinni,
725 4727 822 4780 scillcet
849 4729 968 4794 August,
993 4727 1034 4778 l'l.
1054 4726 1174 4792 llusicar,
1194 4740 1216 4779 e.
1236 4726 1261 4778 5.
1286 4740 1311 4778 n.
1332 4727 1361 4789 8,
1387 4730 1412 4777 el
1436 4726 1548 4791 hustet,
1574 4725 1611 4777 lll.
1636 4725 1670 4777 clo

167 4825 270 4889 Anima,
290 4830 349 4877 teat
374 4826 411 4877 la.
432 4826 466 4888 (c.
486 4824 531 4891 5.).

258 4921 358 4975 ²Lihr.
385 4922 422 4975 111.
452 4922 485 4974 clo
510 4923 615 4990 hulmo,
640 4929 698 4976 mat.
725 4924 750 4976 6.
776 4924 809 4987 (e.
831 4923 881 4989 l.);
907 4924 952 4977 elr.
979 4924 1003 4975 S.
1025 4924 1130 4988 llouar„
1156 4923 1173 4974 l.
1196 4924 1266 4975 Seut.
1292 4921 1318 4974 ι1.
1338 4924 1362 4974 8.
1382 4937 1409 4987 p.
1429 4922 1455 4974 ll.
1474 4937 1500 4989 q.
1526 4923 1549 4975 3.
1569 4936 1625 4987 arg.
1645 4922 1669 4973 3.

167 5018 202 5071 nd
222 5022 382 5086 oppositum.

256 5117 390 5172 ³Vlrlesls
409 5133 511 5185 argona.
532 5118 556 5172 l.
576 5126 601 5173 et
620 5118 645 5171 5.
665 5135 713 5185 pro
733 5126 805 5184 prante
824 5121 927 5185 ahlrm,
946 5127 972 5173 et
990 5119 1031 5171 vl.
1053 5120 1140 5172 llusir.
1155 5133 1177 5171 c.
1196 5119 1221 5170 5.
1241 5134 1265 5170 ιι.
1294 5119 1337 5184 lll,
1354 5125 1380 5171 et
1392 5118 1435 5171 ΧΙ.
1454 5117 1488 5170 cle
1511 5118 1583 5170 Trio.
1602 5132 1624 5169 e.
1645 5120 1669 5171 2.

166 5242 206 5257 -
223 5217 369 5282 Artemona,
389 5217 406 5269 l.
426 5217 460 5269 ‹lo
478 5219 569 5270 hnima
588 5232 635 5270 seu
655 5220 731 5272 Sento
747 5218 917 5281 naturalium,
937 5232 958 5270 c.
973 5218 997 5269 ὅ.
1011 5219 1055 5270 Est
1066 5218 1189 5271 mutuatio
1203 5218 1351 5269 ccirrmumis
1364 5217 1594 5281 scholasticorum,
1608 5218 1670 5282 oraio

166 5314 266 5369 seruire
283 5321 323 5369 est
341 5317 407 5369 aetio
421 5317 517 5379 ritulis,
537 5325 562 5369 et
574 5318 595 5369 si
614 5318 753 5369 sorlsllirae
768 5317 897 5382 pomariae
917 5317 1035 5369 dieantur
1054 5317 1188 5382 passirae,
1207 5317 1257 5369 hoc
1275 5322 1314 5368 est
1327 5316 1412 5367 solum
1426 5320 1547 5381 respemu
1566 5312 1669 5379 ohiecti,

166 5428 183 5465 a
203 5427 257 5480 quo
274 5415 349 5479 prius
368 5415 420 5480 pati
440 5413 548 5479 dehent,
568 5421 597 5467 ut
615 5420 699 5479 agani.

259 5509 270 5546 ⁴
289 5510 308 5561 u
327 5511 348 5563 l)
367 5510 470 5575 ciclus·
490 5526 551 5564 mor
571 5513 591 5564 ll
610 5513 681 5565 anlclil
700 5510 774 5567 cisiis
793 5520 852 5578 post
871 5511 900 5566 ia
918 5526 1031 5582 orporm.

257 5608 270 5645 ⁵
288 5609 400 5674 Passim,
419 5612 572 5676 pracscrlim
590 5624 613 5663 e.
633 5609 657 5664 1.
678 5624 702 5662 ιι.
722 5610 752 5674 7,
771 5616 797 5663 et
815 5626 837 5663 e.
858 5612 882 5663 lt,
902 5626 927 5663 n.
952 5611 989 5663 13.

258 5705 352 5773 leno.
372 5706 397 5759 5.
421 5721 446 5761 n.
470 5708 642 5760 lh-l‘eulo
662 5715 719 5774 post
739 5706 759 5762 C
777 5708 799 5761 l)
817 5708 918 5763 addunt
936 5707 1060 5764 ornerihns
1079 5716 1138 5763 ιιιιιο
1157 5707 1263 5764 ohirchs
1282 5721 1420 5763 relicuum.
