3870 6488
54 380 58 387 ,
1330 372 1336 383 1

755 775 801 821 ru.
827 773 994 821 ursrnmur.
1563 754 1622 821 l59

214 902 258 969 hd
283 903 336 970 ad.
359 906 446 989 patet
462 900 639 987 responsio,
664 901 814 986 qaroniam
832 901 1010 969 intellectus
1027 918 1088 968 rron
1113 900 1302 968 informatur
1318 902 1551 988 phantasmate,
1567 918 1625 967 nec

126 1017 314 1103 phantasma
337 1022 570 1084 transmutatur
595 1016 625 1082 in
650 1017 791 1103 aliquam
815 1017 967 1104 speciem,
990 1035 1072 1105 quae
1096 1017 1244 1085 inlormet
1268 1017 1478 1099 intellectuum
1502 1018 1557 1085 sed
1582 1034 1623 1083 ex

126 1132 346 1220 phantasmate
370 1132 510 1219 gignitur
533 1132 654 1219 species
679 1132 746 1213 illa,
770 1152 852 1220 (puae
873 1133 1066 1201 intellectum
1084 1133 1246 1214 informat3
1271 1152 1328 1202 neo
1350 1133 1515 1221 spirituale
1531 1133 1627 1219 gigni-

127 1254 180 1314 tur
203 1267 244 1316 ex
268 1249 424 1336 corporali
448 1250 593 1336 proprie,
617 1249 691 1337 quia
715 1269 776 1317 non
809 1250 926 1317 virtute
952 1268 1024 1329 sua,
1049 1250 1104 1317 sed
1121 1250 1238 1317 uirtute
1254 1250 1384 1337 agentis.
1401 1289 1444 1299 -
1466 1249 1626 1328 (literana,

127 1363 200 1432 licet
222 1364 276 1431 illa
298 1366 420 1453 speeies
443 1365 484 1434 sit
507 1366 695 1453 corporalis,
720 1366 841 1452 aliquid
866 1373 971 1434 tamon
995 1366 1036 1432 ihi
1062 1365 1150 1447 latet,
1173 1367 1259 1453 quod
1284 1386 1345 1434 non
1374 1373 1422 1434 est
1445 1366 1626 1453 corporale,

128 1481 184 1548 sed
208 1480 435 1562 intellectuale;
458 1487 489 1549 et
513 1482 585 1550 ideo
608 1482 662 1549 illa
686 1482 808 1568 species
831 1488 879 1549 est
902 1482 1059 1550 intellecta
1083 1481 1113 1549 in
1130 1482 1278 1569 patentia,
1294 1501 1390 1569 quae,
1406 1482 1485 1549 dum
1509 1481 1628 1548 ahstra·

128 1596 216 1664 hitur
239 1605 272 1665 et
294 1598 489 1684 deponatur,
513 1597 550 1665 ht
566 1597 724 1665 intellecta
741 1598 771 1664 in
795 1604 884 1679 artu3
907 1598 967 1665 nisi
983 1598 1108 1666 clicatur
1132 1599 1311 1686 corporale,
1327 1600 1402 1687 qrria
1425 1599 1547 1685 species
1562 1616 1628 1664 ror-

128 1713 227 1799 poris:
252 1713 312 1781 hoc
336 1714 431 1781 modo
454 1731 580 1801 semper
603 1720 746 1781 remanet
769 1714 956 1801 corporalis,
980 1716 1074 1782 etiam
1099 1715 1124 1783 si
1148 1715 1189 1782 ab
1213 1716 1281 1805 ipsa
1296 1715 1400 1782 anima
1425 1714 1627 1785 formaretur.

129 1835 235 1914 posset
257 1829 317 1896 dici
343 1829 527 1917 corporalis

518 2063 573 2133 Ad
595 2072 797 2152 argumento
817 2083 882 2150 pro
902 2073 1002 2151 porte
1023 2063 1240 2153 affirmativo.

219 2283 264 2351 hd
288 2285 460 2352 secundam
486 2292 610 2373 partem
633 2287 753 2371 pariter
779 2304 965 2373 responsum
990 2286 1078 2363 est¹,
1102 2287 1177 2374 quia
1208 2306 1269 2355 non
1297 2286 1418 2374 patitur
1447 2305 1465 2354 a
1497 2305 1629 2373 corpore

130 2399 198 2468 sire
221 2417 256 2466 re
280 2400 452 2488 corporali,
476 2401 662 2489 sedpotius
685 2403 790 2468 anima
816 2403 881 2489 agit
906 2403 935 2469 in
968 2403 1206 2489 phantasmata,
1238 2403 1379 2471 farciendo
1402 2409 1434 2471 ot
1464 2402 1630 2469 formando

131 2515 190 2583 sihi
214 2534 256 2584 ex
288 2516 364 2603 ipsis
395 2518 532 2604 speciem
565 2517 812 2603 iutelligihilorn;
842 2518 962 2605 patitur
993 2526 1098 2587 lamen
1130 2518 1289 2605 possihilis
1318 2520 1359 2585 ah
1390 2525 1510 2605 agente.
1543 2518 1629 2586 t'nde

131 2633 237 2700 anima
272 2632 449 2702 seeundum
480 2633 586 2702 ullum
610 2634 659 2701 sui
691 2635 755 2702 vim
779 2634 859 2721 agit,
891 2642 923 2702 et
950 2635 1127 2703 merurdum
1158 2635 1264 2702 olium
1295 2636 1415 2723 patitur
1446 2636 1505 2703 hoc
1536 2634 1631 2701 modo

133 2751 297 2837 passionis.

222 2867 268 2934 hd
290 2867 503 2955 penultimum
527 2874 753 2955 argumentum
778 2866 809 2935 in
833 2869 1028 2936 contrarium
1044 2874 1169 2954 oportet
1193 2868 1394 2955 responderi,
1411 2868 1565 2955 (pamniam¹
1584 2885 1632 2934 ar·

134 2988 321 3067 gumentum
345 2990 393 3051 est
416 2993 611 3063 cornutam,
635 2990 667 3052 et
690 2991 796 3070 posset
820 2984 888 3050 heri
914 2985 956 3051 ita
980 2983 1020 3051 ad
1044 2985 1241 3072 oppositum,
1257 2984 1340 3053 sicut
1362 2984 1402 3051 ad
1424 2984 1632 3071 propositum.

134 3097 207 3166 ldeo
229 3098 418 3180 dicendum,
442 3100 546 3188 quod,
569 3108 605 3168 ut
629 3100 827 3187 praedictum
853 3107 915 3181 est,
938 3119 1000 3167 non
1024 3107 1071 3169 est
1095 3101 1137 3167 ihi
1162 3099 1215 3167 ille
1238 3100 1335 3181 ordo,
1359 3106 1395 3168 ut
1425 3100 1524 3188 possit
1551 3099 1630 3167 dici:

134 3219 191 3281 aut
212 3232 403 3300 cognoscens
426 3222 481 3283 aut
505 3235 578 3284 non.
603 3216 782 3284 intellectus
804 3217 888 3284 enim
913 3235 1024 3303 agens,
1052 3217 1106 3303 qrri
1131 3233 1257 3303 semper
1279 3224 1328 3284 est
1355 3217 1387 3283 in
1411 3223 1502 3291 actu,
1526 3215 1631 3283 statim

135 3346 210 3396 eum
233 3331 381 3400 obiicitur
404 3332 462 3401 sibi
488 3332 617 3421 aliquod
641 3333 844 3419 phantasma,
861 3333 1045 3401 irradiando
1069 3351 1165 3419 super
1190 3333 1269 3400 illud
1289 3332 1447 3400 abstrahit
1469 3331 1543 3399 indo
1567 3349 1633 3417 spe-

135 3444 216 3513 ciem
240 3446 479 3534 intelligibilem.
503 3448 560 3516 Per
584 3448 661 3536 quid
688 3455 795 3515 autum
819 3449 1051 3517 determinatur
1081 3449 1122 3516 ad
1146 3449 1396 3516 abstrahendum
1427 3447 1501 3535 plus
1531 3465 1632 3515 unum

135 3578 233 3647 quam
255 3558 344 3630 aliud
359 3560 396 3628 ²?
418 3563 515 3645 Dico,
538 3564 623 3650 qnod
648 3583 709 3631 non
733 3582 791 3650 per
814 3565 1022 3651 cognitionem
1048 3564 1280 3646 intellectivam,
1304 3564 1360 3633 sed
1383 3563 1522 3651 quodam
1539 3563 1634 3630 modo

134 3675 429 3764 experimentalem.
454 3678 628 3746 Praecedit
642 3680 726 3746 errim
743 3679 873 3767 quidam
898 3686 1017 3762 tantm,
1041 3700 1105 3767 quo
1120 3680 1226 3747 anima
1249 3679 1318 3767 ipsa
1333 3680 1473 3767 tangitur
1496 3679 1633 3764 asperia

135 3793 170 3860 in
192 3811 311 3879 organo
333 3794 498 3862 existente.
522 3796 630 3863 llnima
653 3804 760 3863 autem
785 3802 868 3864 tac-ta
890 3797 954 3882 agit
978 3797 1009 3864 in
1034 3796 1120 3864 illam
1144 3815 1201 3882 per
1225 3797 1290 3864 rim
1310 3815 1401 3864 suam
1426 3794 1579 3873 aotiram,
1603 3800 1634 3861 ot

136 3906 251 3996 recipit
272 3926 330 3996 per
354 3909 418 3976 vim
442 3929 534 3978 suam
557 3912 727 3999 passivam.
751 3912 841 3997 Quod
865 3918 972 3979 autem
996 3913 1056 3981 hoc
1079 3911 1180 3998 magis
1204 3918 1311 3998 tangat
1334 3930 1429 4000 quarn
1459 3909 1558 3990 illud,
1580 3908 1635 3975 ali·

137 4024 266 4112 qnando
289 4032 338 4092 est
371 4043 412 4093 ex
437 4027 592 4113 superiori
617 4004 753 4109 uirtute,
788 4035 896 4115 utpote
919 4028 1078 4115 angelica,
1102 4046 1184 4116 qnae
1215 4034 1321 4096 movet
1344 4027 1423 4095 illud
1447 4028 1635 4114 phantasma

137 4141 332 4228 plusquam
355 4141 461 4223 aliud;
484 4143 656 4230 aliquando
678 4150 726 4213 est
748 4162 790 4212 ex
815 4145 1078 4213 rememoratione
1102 4162 1230 4225 sensus,
1257 4149 1367 4231 utpote
1398 4143 1527 4230 quarrdo
1549 4143 1637 4210 audi-

138 4255 236 4325 mus³
255 4256 394 4345 aliquid,
418 4259 587 4346 incipimus
610 4260 683 4328 inde
707 4261 862 4346 cogitare;
886 4261 1057 4349 aliquando
1080 4279 1120 4329 ex
1145 4260 1391 4342 assuefactione,
1422 4259 1498 4347 qrria
1523 4276 1636 4327 snmus

138 4372 258 4441 assueti
281 4373 365 4441 eirca
399 4374 519 4462 aliquid
551 4396 651 4444 unrrm
682 4383 714 4444 ot
745 4383 820 4444 tunc
844 4377 988 4445 redinms
1018 4377 1057 4444 ad
1083 4377 1180 4457 illnd;
1206 4376 1382 4464 ¹aliquando
1405 4394 1446 4443 ex
1470 4374 1574 4463 specie
1604 4382 1636 4442 et

138 4487 316 4567 volunlato3
340 4489 399 4558 isla
421 4490 523 4573 enirn,
545 4497 581 4559 ut
604 4492 680 4560 dicit
703 4492 914 4579 Philosophus
936 4494 976 4560 do
1001 4492 1251 4561 l'rohlematihus
1263 4493 1287 4574 ⁴,
1310 4492 1429 4560 laciunt
1451 4492 1588 4560 risiones
1605 4491 1635 4559 in

139 4604 292 4687 sommia,
315 4614 348 4675 et
369 4608 472 4695 magis
495 4609 534 4676 de
558 4628 623 4677 uno
645 4629 742 4698 qrram
766 4611 806 4678 de
829 4610 910 4691 alio,
933 4617 965 4678 ot
987 4610 1098 4678 eodem
1123 4611 1218 4678 modo
1242 4610 1272 4677 in
1298 4609 1413 4697 sigilla.

233 5177 240 5214 ¹
261 5175 313 5231 Cl)
328 5179 402 5249 putet
419 5176 557 5248 responsio
571 5192 620 5245 pro
630 5181 735 5248 pnralrr
753 5191 913 5247 resprmsunr
932 5181 978 5232 cst.
998 5178 1018 5230 ll
1040 5180 1065 5231 ln
1079 5181 1197 5245 margine
1216 5182 1379 5250 nrpnmcnlu
1397 5179 1510 5235 alterins
1533 5179 1635 5249 partis,

140 5276 216 5346 qrrod
237 5277 348 5343 explicat
366 5283 481 5331 montom
500 5278 625 5345 auctoris,
645 5278 690 5345 qui
711 5276 804 5329 deindo
823 5278 901 5329 ‹uiam
921 5277 1006 5344 aliqrm
1026 5286 1179 5341 argumenta
1199 5293 1248 5344 pro
1267 5285 1340 5345 pam
1360 5280 1514 5331 alllrmalira
1534 5292 1638 5331 arcura-

140 5378 195 5431 rlus
212 5376 330 5442 explieat.

232 5473 245 5509 ²
263 5474 314 5528 CD
331 5474 457 5530 alterum.

233 5572 245 5607 ³
263 5570 314 5625 Cl)
331 5572 494 5628 audirimus.

234 5670 245 5705 ⁴
264 5670 330 5725 Soet
350 5671 391 5724 30.
411 5670 496 5737 prohl.
518 5671 558 5724 ta.
577 5670 651 5738 (lt).
