3870 6488
280 324 339 394 llll
791 344 941 403 oransrro
964 343 1136 395 nisurrara
1161 344 1256 392 nurus

273 468 424 557 quoniam
447 488 514 537 osae
538 468 581 537 roi
607 467 768 557 quoddam
784 468 966 537 absolutum
982 476 1044 549 est;
1067 475 1100 536 et
1115 466 1186 535 ideo
1204 464 1245 536 ad
1262 467 1341 535 illud
1358 466 1520 536 sulliciunt
1541 468 1670 556 propria
1686 469 1769 557 urin-

273 585 355 671 cipia
379 604 452 653 cum
487 584 627 671 generali
666 583 903 653 manutenentia
924 584 1091 652 Creatoris.
1122 584 1184 653 Sed
1218 583 1372 672 cognosci
1397 583 1473 652 dicit
1502 585 1767 671 comparationem

273 700 314 768 ad
339 701 551 781 intellectum,
575 719 671 787 (quem
687 719 739 769 res
762 708 885 781 moret3
909 700 980 768 ideo
1003 699 1077 788 pios
1098 700 1274 787 requiritur
1296 699 1337 767 ad
1360 700 1570 786 cognitionem
1592 720 1688 788 quam
1705 701 1769 768 ad¹

273 836 360 897 csse,
385 823 448 884 biiii
472 835 514 885 ex
538 824 628 902 parte
652 816 696 885 rei
720 816 956 903 cognoscibilis,
980 834 1077 904 quam
1098 835 1140 884 ex
1164 823 1254 902 [erute
1276 815 1454 884 intellectus
1472 818 1698 904 cognoscentis.

363 933 407 1001 ld
432 937 462 999 ll.
486 933 672 1014 dicendum,
688 932 774 1020 qnod
790 932 984 1018 angustinus
1007 950 1069 999 nori
1093 931 1226 1001 intendit
1241 930 1416 1001 excludere
1436 931 1669 1000 adminiculum
1684 932 1772 1001 illius

275 1047 356 1116 lucis
379 1049 446 1116 sire
469 1048 596 1115 illarum
622 1049 799 1129 rationum,
824 1047 879 1117 sed
902 1047 1133 1115 adminiculum
1156 1066 1319 1116 scamnum.
1340 1046 1428 1116 Uride
1450 1066 1513 1115 non
1536 1046 1609 1116 uult
1630 1049 1704 1136 plns
1725 1049 1773 1117 di·

275 1182 361 1245 cere,
377 1164 436 1231 nisi
453 1162 564 1251 quod*
588 1182 640 1233 res
664 1182 832 1250 corporeas
855 1164 1015 1249 cognoscit
1037 1163 1251 1231 mediantibus
1273 1162 1437 1245 sensibus,
1460 1164 1518 1233 secl
1547 1182 1601 1233 res
1630 1165 1773 1252 incorpo

276 1298 346 1347 rcas
369 1280 437 1346 siue
459 1297 572 1347 sensus
606 1278 817 1359 adrniniculo;
841 1279 923 1346 sicut
957 1278 982 1345 si
1006 1279 1204 1359 diceremus,
1227 1278 1340 1347 oculus
1364 1297 1422 1366 per
1446 1298 1480 1348 se
1504 1279 1591 1349 videt
1612 1279 1770 1361 colorem,

276 1414 338 1463 urm
360 1402 491 1482 propter
513 1396 573 1462 boc
597 1394 781 1463 excinditur
804 1395 992 1463 benellcium
1018 1394 1108 1463 lucis.

365 1511 409 1578 ad
436 1514 486 1577 lb.
520 1511 705 1587 dicendum,
740 1510 826 1597 quod
859 1510 912 1577 illa
944 1510 1116 1579 ancorios
1150 1509 1312 1597 Augustini
1346 1510 1477 1578 omuino
1505 1517 1555 1580 est
1585 1511 1617 1579 iu
1650 1519 1774 1579 contra·

278 1629 376 1701 rium,
411 1627 494 1695 sicut
522 1634 656 1714 sinuaret
686 1627 854 1713 diligenter
887 1626 1109 1695 consideranti.
1143 1624 1217 1695 Vult
1250 1624 1336 1695 enini
1367 1625 1408 1694 ibi
1441 1645 1499 1715 per
1536 1635 1654 1708 totum,
1685 1629 1772 1715 qnod

276 1742 321 1810 illi
355 1743 418 1810 loci
442 1749 589 1811 aeternae
623 1742 785 1829 quoddam
820 1749 965 1811 nostrum
996 1741 1224 1827 subiungitur³
1259 1741 1395 1809 naturali
1430 1743 1558 1823 ordine,
1593 1749 1627 1811 et
1657 1743 1689 1811 in
1718 1743 1774 1810 illa

277 1858 364 1927 ridet
396 1858 552 1945 quidquid
589 1858 684 1927 ridet.
719 1857 781 1927 Nec
815 1865 906 1925 accat
940 1858 1134 1943 Augustinus
1158 1857 1287 1945 qeicrcs⁴
1313 1864 1445 1947 proptor
1474 1857 1616 1947 aliquam
1638 1865 1774 1929 naturae

277 1974 546 2053 comrnunitatcm
570 1975 653 2043 sicut
676 1974 837 2060 luuriruur
860 1973 1071 2041 coiumunitcr
1094 1973 1135 2041 de
1161 1992 1287 2060 genere,
1309 1973 1365 2043 sed
1398 1981 1494 2045 vocat.
1522 1982 1654 2063 propter
1674 1994 1774 2063 quan-

276 2090 350 2157 dam
374 2090 643 2171 conformitatem,
664 2089 743 2176 quia
766 2089 823 2155 lux
856 2088 909 2155 illa
932 2096 981 2157 est
1009 2088 1279 2176 intelligibilem
1307 2090 1415 2157 anima
1442 2096 1551 2158 nostra
1582 2097 1633 2159 est
1654 2090 1775 2159 intelle

277 2205 408 2284 ctualis;
433 2205 487 2273 illa
510 2205 695 2292 spiritualis,
717 2210 750 2272 et
774 2205 832 2272 istc
856 2204 1040 2291 spiritualis,
1064 2222 1103 2273 ec
1133 2205 1228 2273 niodo
1249 2224 1315 2292 quo
1340 2205 1458 2273 dicitur
1481 2206 1616 2274 ictuum
1650 2205 1776 2275 docimo

278 2321 456 2408 septiruo⁶t
485 2322 596 2389 Gerous
621 2320 682 2388 Dei
706 2340 834 2387 cornua.

366 2436 411 2503 ld
438 2439 487 2503 tl.
511 2436 697 2516 dicendum,
721 2436 806 2523 quod
832 2454 944 2503 revera
966 2442 1081 2503 natura
1104 2455 1166 2504 non
1197 2435 1306 2505 delicit
1335 2436 1367 2505 in
1391 2436 1578 2505 necessaris
1606 2443 1776 2507 creaturae

279 2551 441 2631 rationali,
464 2553 562 2619 iiuruo
585 2552 724 2639 prouidit
746 2551 806 2619 sibi
830 2551 1007 2619 sublimiori
1034 2552 1127 2620 modo
1149 2569 1246 2640 quam
1269 2551 1384 2621 ceteris
1407 2552 1539 2623 naturis
1568 2552 1605 2620 Et
1626 2553 1776 2640 quamuis

279 2669 346 2738 sinc
370 2668 534 2737 influentia
557 2668 643 2737 illius
666 2668 747 2736 locis
778 2683 838 2735 non
863 2668 962 2755 possit
992 2668 1083 2737 exire
1110 2668 1142 2737 in
1172 2674 1279 2736 actum
1308 2668 1542 2738 certitudinalis
1571 2668 1776 2757 cognitionis,

279 2792 383 2853 tarncn
408 2804 470 2853 non
493 2785 610 2854 dicitur
634 2785 744 2853 deesse
767 2784 834 2854 sive
856 2784 1007 2866 delicere,
1030 2784 1105 2872 quia
1128 2802 1255 2872 serupcr
1276 2785 1336 2854 sibi
1356 2784 1411 2853 illa
1434 2784 1492 2853 lux
1515 2784 1635 2854 assistit
1648 2791 1682 2854 el
1695 2804 1776 2854 sern-

279 2921 336 2987 por
360 2908 486 2987 praesto
508 2908 566 2969 est.
590 2900 650 2969 Nec
673 2900 734 2969 boc
761 2900 893 2987 derogat
922 2918 999 2968 suae
1022 2900 1193 2982 nobilitati,
1217 2900 1274 2969 sed
1305 2900 1411 2989 potius
1440 2907 1610 2969 attestatur
1640 2918 1775 2989 magnae

279 3017 432 3105 dignitati.

369 3133 413 3200 ,ld
440 3135 489 3199 lt.
507 3132 693 3214 dicendum,
709 3131 805 3219 qnod,
821 3138 858 3200 ut
874 3132 943 3199 vult
959 3131 1168 3219 Philosophus
1177 3132 1200 3215 ⁶,
1218 3132 1395 3200 intellectus
1410 3151 1513 3221 ogeru
1528 3138 1577 3201 est
1591 3140 1629 3201 ut
1651 3132 1776 3211 lumen,

276 3248 446 3335 possibilia
481 3253 516 3315 ut
538 3248 668 3331 oculus,
690 3246 894 3335 odoratorum
916 3254 953 3315 ut
975 3248 1071 3316 color.
1098 3248 1160 3317 Sed
1185 3255 1259 3316 tunc
1282 3248 1457 3316 similitudo
1480 3267 1544 3316 nou
1568 3248 1666 3330 ualet,
1700 3268 1778 3336 quo

280 3365 375 3447 niain,
399 3365 480 3433 sicul
503 3364 544 3432 ad
568 3364 719 3432 visionem
742 3363 939 3450 corquirnlem
964 3382 1025 3430 non
1049 3364 1167 3432 sullicit
1195 3364 1282 3432 color
1305 3365 1372 3452 ipse
1387 3370 1433 3432 ct
1456 3381 1614 3451 organum
1636 3363 1778 3433 risirnm

280 3488 311 3548 et
335 3482 437 3549 uirtus
460 3498 533 3548 cum
557 3480 694 3548 iiatrrrali
717 3486 750 3547 et
771 3479 983 3571 complantata
1006 3479 1126 3547 luuriue
1149 3482 1217 3548 sino
1240 3480 1392 3548 benellcio
1415 3480 1496 3549 lucis
1517 3479 1708 3567 superioris,
1730 3481 1779 3551 sic

281 3616 338 3666 nec
360 3596 400 3664 ad
427 3596 579 3664 visionem
601 3595 846 3664 intellectualem
869 3594 986 3663 scilicit
1009 3595 1198 3682 [iliantasma
1218 3596 1260 3663 ad
1285 3596 1493 3678 movendum,
1516 3614 1574 3665 nec
1595 3595 1780 3667 intellectus

280 3711 439 3799 possibilis
461 3712 501 3778 ad
530 3710 764 3797 recipiendum,
787 3729 845 3779 nec
873 3710 931 3777 lux
954 3710 996 3779 ad
1022 3710 1272 3779 :rbstrabeudum
1300 3717 1332 3778 et
1354 3710 1534 3780 laciendum
1552 3712 1676 3799 species
1700 3718 1779 3781 actu

282 3828 454 3896 intellectas
476 3827 544 3895 sinc
566 3826 688 3893 auxilio
710 3834 742 3894 et
764 3826 917 3911 beriedcio
940 3826 1020 3894 lucis
1035 3826 1170 3894 divinoe.
1195 3828 1271 3895 Lux.
1287 3827 1372 3895 enim
1389 3826 1567 3895 intellectus
1588 3827 1712 3914 agentis
1725 3836 1778 3898 aa

281 3945 363 4012 sicul
385 3943 443 4010 lux
466 3943 559 4011 ocrrlo
582 3943 810 4023 connaturalis,
834 3942 889 4011 scd
914 3942 972 4009 lux
995 3942 1103 4010 diviua
1126 3949 1173 4011 est
1196 3942 1279 4011 sicut
1301 3943 1358 4010 lux
1381 3943 1504 4011 solaris
1635 3954 1638 3959 '

369 4060 414 4128 ,ld
443 4060 491 4127 13.
515 4058 703 4137 dicondmu,
725 4059 809 4146 qnod
834 4058 955 4145 absque
984 4058 1082 4125 dubio
1105 4059 1241 4145 cognitio
1270 4058 1412 4145 operatio
1433 4059 1591 4145 quaedam
1618 4064 1668 4127 esl
1686 4066 1781 4129 nalu-

282 4175 358 4243 ralis
381 4182 513 4243 iiaturae
535 4174 770 4256 intellectualis,
792 4181 825 4242 et
848 4175 906 4241 ista
929 4173 1092 4243 intluentia
1108 4174 1175 4243 sive
1193 4175 1372 4262 corporatio
1395 4174 1646 4262 quodammodo
1673 4181 1782 4263 quitmt

547 4348 655 4355 ..υ-η,-

371 4443 379 4478 ¹
400 4443 421 4495 a
441 4444 460 4496 b
479 4457 530 4495 non
550 4448 672 4509 rcuctuut
690 4445 909 4509 urrrcuosltioucm
927 4441 977 4510 od,
999 4458 1068 4511 qumi
1087 4452 1173 4497 tanrcu
1193 4444 1260 4496 male
1279 4443 1359 4497 diest.

369 4541 381 4577 ²
400 4542 499 4608 simpla
518 4555 579 4594 cum
598 4540 631 4595 C:
650 4540 752 4595 ordino.

369 4638 563 4704 ³Clr.1lugust.
579 4640 630 4691 xli.
641 4639 674 4692 dc
685 4640 756 4691 Trtu.
768 4655 789 4692 c.
804 4641 828 4691 ι).
843 4655 867 4691 u.
881 4641 912 4691 2:
929 4640 997 4692 «llis
1010 4639 1165 4697 (rationibus
1178 4640 1394 4706 incorporalibus
1413 4642 1587 4706 saiiioturnta,
1607 4641 1784 4695 inmimmuta·

283 4736 378 4789 bilibus
390 4752 469 4802 siqua
489 4744 602 4789 circutum
623 4738 774 4803 lurrumam)
796 4738 842 4789 uisi
862 4736 1067 4803 siiliiuugcrctur
1084 4737 1182 4805 aliquid
1202 4745 1329 4802 arciatrum,
1344 4752 1395 4791 nori
1409 4737 1556 4791 danaidum
1574 4751 1621 4791 eas
1639 4750 1787 4803 possemus

282 4836 396 4887 lru'inro
416 4834 449 4887 clo
467 4833 679 4901 corporalibus».

370 4931 451 4985 ⁴Clr.
471 4934 497 4985 S.
525 4933 632 4998 Boinoa,
652 4932 678 4984 ΙΙ.
706 4933 775 4984 Sunt.
803 4932 829 4984 d.
855 4932 892 4984 17.
912 4948 934 4984 u.
960 4933 979 4984 Ι.
999 4948 1023 5001 q.
1049 4935 1068 4985 l.
1088 4932 1121 4985 ad
1145 4935 1169 4985 b.
1188 4962 1223 4973 -
1248 4935 1325 4986 l‘aulo
1343 4935 1409 4986 luira
1433 4940 1492 5001 post
1520 4935 1597 4989 roim
1622 4933 1643 4988 C
1670 4934 1785 5003 snorum

281 5043 373 5098 gruum

369 5128 380 5161 ⁵
404 5128 476 5179 l'crs.
497 5129 539 5179 aa,

370 5226 381 5261 ⁶
400 5227 451 5279 b'lr.
471 5226 507 5278 ΙΙΙ.
527 5225 560 5279 dc
578 5227 689 5291 ,lirinum
709 5234 768 5279 tcal.
792 5227 830 5278 l8.
850 5228 882 5293 (c.
903 5227 948 5296 5.).
967 5255 1003 5267 -
1022 5227 1100 5281 ΡειυΙο
1119 5227 1215 5295 postC
1236 5229 1375 5294 1u·acrulttit
1392 5226 1540 5285 intellectus
1559 5235 1618 5283 autc
1633 5228 1782 5299 gemibilis.
