3870 6488
294 321 356 391 lta
781 344 933 403 exitiosum
957 345 1128 393 nisrrrara
1153 345 1295 394 succisus

289 465 565 549 Quemadmodum
590 467 675 535 enim
699 485 812 535 rernm
830 475 888 549 est,
902 486 973 537 esse
995 468 1081 555 qnocl
1104 475 1162 549 est,
1187 469 1229 536 ita
1252 477 1284 537 et
1308 487 1419 537 rernm
1442 478 1499 551 est,
1520 489 1581 538 non
1605 489 1675 539 esse
1698 471 1785 559 qnod

289 600 351 649 non
375 591 431 649 est.
456 584 516 650 Sed
540 601 633 651 ornile
657 583 741 670 qumi
766 592 814 651 est
838 602 973 664 verano,
996 591 1045 651 est
1070 583 1265 670 intelligibile
1287 592 1319 652 et
1342 592 1445 672 potest
1467 603 1536 655 esse
1559 585 1719 655 obiectum
1743 587 1788 654 in·

289 699 451 766 tellectns:
476 717 553 784 ergo
577 708 636 767 etc.

377 816 408 881 8.
433 813 525 894 luni,
549 814 687 882 existere
722 814 773 881 rel
807 814 1022 883 nonexistere
1046 814 1090 882 rei
1115 833 1176 882 non
1200 822 1250 883 est
1279 817 1496 885 necessarium
1520 816 1586 885 sire
1600 816 1788 905 ,requiritur

287 929 328 995 acl
353 929 572 1014 cognitionem,
596 929 656 996 nisi
680 929 755 1021 (quia
778 947 835 1016 per
858 930 998 997 existere
1022 930 1071 997 vel
1095 930 1309 999 nonexistere
1331 932 1377 999 rei
1403 931 1582 1001 intellectus
1597 938 1645 1000 est
1668 932 1701 999 in
1723 931 1788 999 alia

288 1052 319 1111 et
341 1045 404 1111 alia
427 1045 650 1131 ‹lispositione;
674 1045 730 1111 sed
755 1044 932 1113 intellectus
955 1063 1017 1112 non
1041 1053 1185 1113 mutatur
1210 1047 1251 1115 clo
1287 1065 1351 1114 una
1385 1047 1591 1134 dispositione
1614 1047 1646 1114 in
1670 1046 1787 1127 aliam,

288 1181 346 1229 neo
369 1170 417 1230 est
440 1163 470 1228 in
494 1162 557 1229 alia
579 1162 783 1248 dispositione
807 1169 937 1249 propter
962 1180 1071 1230 rernm
1093 1163 1296 1232 existentiam
1320 1163 1369 1232 rel
1391 1163 1684 1232 riouexistentiam:
1708 1181 1788 1248 ergo

287 1278 456 1346 existentia
480 1278 529 1345 rel
554 1278 796 1346 nonexistentia
819 1297 881 1345 nori
907 1278 1084 1365 requiritur
1105 1279 1146 1347 acl
1170 1280 1379 1366 cognitionem
1404 1280 1460 1348 rei.

378 1398 408 1460 tl.
433 1393 527 1473 item,
550 1394 709 1462 obiectum
735 1394 915 1462 intellectus
936 1402 985 1462 est
1007 1395 1097 1483 queit
1119 1395 1201 1484 quiet
1222 1404 1280 1475 ert,
1304 1395 1482 1465 secundnm
1519 1395 1744 1482 Philosophum
1759 1394 1789 1477 ¹3

288 1508 344 1577 sed
368 1510 452 1577 circa
474 1510 563 1598 qoorl
585 1510 666 1598 qreirt
688 1518 735 1576 cet
758 1510 846 1578 nullo
870 1511 964 1578 morlo
986 1511 1138 1597 contingit
1154 1529 1245 1579 error
1262 1550 1306 1561 -
1320 1511 1519 1580 abstrahitur
1533 1509 1619 1579 enim
1633 1530 1654 1579 a
1670 1509 1740 1578 loco
1755 1519 1788 1578 et

225 1610 231 1626 '
288 1632 439 1711 terripore.
464 1643 533 1692 csse
556 1634 589 1693 et
610 1644 671 1692 non
694 1643 764 1693 esse
788 1650 844 1692 -:
868 1643 945 1713 ergo
968 1626 1164 1708 intellectus,
1188 1627 1346 1694 existento
1369 1626 1420 1695 rel
1443 1646 1507 1694 non
1544 1627 1702 1715 existente
1718 1642 1787 1707 re,

287 1748 389 1827 pihst
413 1741 480 1808 sine
503 1759 613 1808 errore
638 1741 813 1826 intelligere
829 1742 918 1829 qnod
939 1741 1021 1830 qnid
1042 1750 1108 1820 eet,·
1123 1760 1200 1828 ergo
1215 1741 1255 1809 acl
1273 1742 1319 1810 rei
1336 1742 1545 1827 cognitionem
1562 1760 1624 1809 non
1639 1740 1786 1827 exigitur

288 1857 333 1924 rei
349 1857 535 1938 existentia,
552 1856 649 1924 immo
672 1875 803 1925 nonens
826 1863 1021 1943 potestesse
1044 1857 1204 1925 obiectum
1228 1856 1418 1928 intellectus

916 2032 1151 2102 anspertum:

376 2203 524 2290 Quaestio
547 2221 696 2290 praesens
724 2222 786 2270 non
809 2212 858 2272 est
880 2203 920 2272 de
943 2203 1107 2272 nominum
1142 2204 1209 2272 sire
1244 2222 1358 2272 rrirxrm
1394 2202 1642 2290 significatione;
1671 2209 1785 2270 utrum

286 2324 370 2391 enim
395 2324 478 2391 illem
503 2323 678 2409 significent
702 2341 809 2403 voces,
834 2322 930 2390 rebus
953 2322 1164 2391 existentibus
1181 2323 1231 2390 vel
1255 2342 1316 2389 nrm
1341 2320 1574 2399 existentibus,
1597 2326 1709 2387 utrum
1733 2336 1787 2384 no

289 2439 375 2506 urina
400 2439 603 2525 imponantur
628 2439 725 2507 rebus
747 2438 798 2506 rel
818 2438 1022 2524 conceptibus
1035 2437 1062 2518 ⁹,
1079 2437 1133 2505 illa
1150 2439 1293 2525 quaestio
1312 2445 1359 2506 est
1383 2438 1493 2523 logica
1505 2445 1539 2504 et
1553 2436 1631 2504 nibil
1647 2434 1787 2522 pertinet

285 2555 324 2621 erl
350 2574 417 2621 iios.
441 2555 533 2622 Oruni
557 2555 641 2623 enim
666 2573 753 2636 rore,
777 2554 862 2622 ouini
887 2555 1032 2633 nonnae,
1055 2555 1142 2622 onmi
1164 2555 1380 2622 enuntiatione
1402 2552 1653 2639 circumscripta,
1677 2557 1787 2619 manet

285 2671 397 2738 callem
421 2671 573 2757 quaestio,
596 2672 708 2739 eadem
732 2671 925 2758 quaestionis
948 2669 1128 2738 difficultas.

376 2788 463 2854 Tunc
486 2805 563 2873 ergo
586 2788 626 2854 acl
657 2787 874 2874 quaestionem
909 2786 1103 2873 propositam
1138 2785 1409 2873 dutirrpnemlnm
1435 2784 1511 2853 uiilai
1538 2783 1665 2852 videtur
1688 2788 1721 2851 et
1743 2801 1786 2849 er.

284 2911 381 2989 purte
403 2902 564 2969 nort-entis
587 2902 637 2969 oet
658 2903 754 2981 cittis,
778 2909 809 2970 et
831 2922 872 2968 eu
892 2911 991 2988 porte
1014 2901 1193 2968 intellectus
1216 2900 1450 2987 cnprroscenttssr.
1635 2972 1642 2981 ,

377 3019 427 3085 Ea
446 3026 544 3104 porte
566 3018 727 3084 noir-eatis
750 3017 927 3102 distinguo,
950 3017 1037 3103 qnocl
1061 3034 1192 3085 nonens
1226 3016 1353 3085 dnobus
1384 3014 1486 3083 morlia
1528 3021 1631 3103 potest
1663 3013 1786 3101 accipi,

286 3133 404 3200 scilicet
426 3153 561 3199 exorrens
584 3133 799 3220 ,rtnrptieitem
824 3134 883 3201 boc
905 3141 954 3201 est
976 3132 1066 3200 nullo
1089 3134 1183 3200 niodo
1206 3151 1284 3214 ens,
1313 3150 1371 3200 nec
1406 3133 1439 3200 in
1462 3150 1497 3201 se
1532 3149 1589 3200 nec
1613 3131 1644 3199 in
1667 3149 1787 3211 censa,

286 3268 344 3317 nee
368 3250 397 3316 in
424 3250 561 3334 qmtentia
584 3268 643 3317 nec
666 3249 697 3317 in
720 3239 810 3328 actn',
834 3249 919 3336 qarob
943 3267 1001 3317 nec
1024 3249 1083 3317 luit
1115 3267 1172 3317 nco
1194 3249 1272 3329 erit,
1297 3267 1354 3317 nec
1377 3256 1425 3317 est
1458 3266 1518 3317 nec
1551 3255 1599 3317 est
1632 3246 1786 3334 possibile

286 3383 366 3432 esse.
392 3365 427 3432 n
450 3371 526 3432 tnnc
549 3364 621 3433 dieo
643 3365 846 3451 simpliciter,
870 3364 956 3452 quod
979 3383 1115 3431 aenens
1136 3364 1228 3431 nullo
1250 3364 1348 3431 inodo
1381 3371 1485 3450 potest
1518 3382 1587 3429 erse
1620 3361 1785 3429 obiectum

285 3480 475 3547 intellectio.
500 3481 600 3561 bant,
624 3485 660 3547 ut
683 3480 759 3548 dicit
781 3480 955 3562 tricenna,
978 3480 1119 3565 primum
1150 3479 1237 3567 quon
1272 3480 1412 3547 oconrrit
1445 3478 1633 3560 intellectui,
1665 3482 1698 3545 et
1721 3478 1786 3565 poi·

286 3614 374 3663 mum
407 3596 492 3683 qnorl
527 3603 576 3663 est
597 3596 638 3663 ab
663 3596 823 3665 intellectu
846 3595 1121 3683 apprehensibile,
1144 3602 1192 3664 est
1215 3614 1282 3663 ens.
1317 3595 1389 3663 bleo
1411 3595 1494 3663 sicut
1524 3593 1602 3661 nibil
1637 3611 1700 3661 non
1735 3601 1786 3664 est

286 3711 500 3796 intelligibile,
524 3711 568 3778 ita
590 3729 730 3779 nonens.

373 3827 439 3893 llio
470 3826 564 3893 morto
595 3832 698 3915 potest
728 3825 858 3912 intelligi
882 3846 1036 3905 horrere,
1059 3845 1121 3893 non
1158 3843 1290 3895 nonens
1318 3824 1532 3913 siriepticim,
1563 3825 1620 3895 seri
1649 3842 1786 3893 mneos

285 3941 398 4030 aliquo
413 3942 529 4021 niorto,
553 3949 662 4028 utpote
678 3960 809 4010 nonens
832 3948 920 4021 actu,
944 3959 1001 4010 ens
1024 3950 1129 4010 tanren
1152 3942 1312 4028 potentia;
1335 3959 1467 4010 non-ens
1489 3942 1521 4011 in
1541 3958 1587 4023 se,
1601 3959 1659 4009 ens
1675 3946 1785 4009 tamen

286 4058 316 4125 in
334 4077 392 4125 sna
415 4076 512 4126 caosa
534 4057 689 4126 officiente
713 4057 762 4126 vel
785 4057 973 4145 exemplari.
999 4059 1034 4126 Et
1056 4058 1102 4127 sio
1124 4057 1217 4139 dico,
1240 4057 1326 4145 qnocl
1350 4074 1481 4125 oeneus
1497 4063 1684 4144 potestesse
1699 4056 1788 4125 obie-

284 4181 370 4241 ctum
396 4174 575 4242 intellectus
597 4183 629 4241 et
652 4180 699 4241 est
723 4173 927 4260 intelligibile.

374 4289 435 4357 lloc
457 4297 564 4357 autem
585 4288 698 4376 primo
721 4296 854 4376 apparot
877 4308 919 4357 ex
939 4289 1136 4377 prophetico
1158 4289 1448 4357 illuminationem
1469 4286 1670 4375 futurorum
1681 4308 1787 4377 proe-

283 4405 417 4472 oiaiooe.
442 4406 472 4471 Si
497 4406 580 4473 onim
606 4424 667 4473 non
691 4414 739 4474 est
763 4405 893 4473 scientia
916 4414 1003 4475 certa
1026 4406 1067 4475 de
1090 4415 1252 4487 monente,
1276 4424 1349 4474 cum
1374 4407 1519 4475 laturum
1556 4405 1598 4473 sit
1626 4424 1785 4474 monens:

220 4546 224 4555 ·
284 4530 360 4588 tunc
383 4521 510 4588 iccillum
533 4522 679 4590 lntnrnm
703 4530 806 4610 potest
839 4522 913 4590 sciri
947 4530 1004 4590 aiit
1037 4523 1275 4611 praecognosoi,
1310 4522 1396 4611 qnod
1430 4529 1479 4591 est
1512 4528 1623 4591 contra
1655 4540 1786 4591 sacram

283 4638 479 4725 Scripturam
503 4644 534 4705 ot
558 4638 654 4707 belem
678 4639 875 4707 catholicam.
1561 4632 1566 4641 ’

372 4855 380 4891 ¹
401 4855 471 4909 Libr.
491 4854 527 4908 ιιι.
547 4855 580 4908 cle
599 4830 700 4922 holmo,
719 4860 779 4907 text.
798 4856 824 4908 9.
848 4855 890 4907 26.
911 4854 944 4921 (c.
965 4852 989 4907 ι.
1008 4859 1034 4906 ει
1052 4854 1108 4922 til:
1129 4851 1208 4920 Ottod
1224 4851 1291 4924 quiri
1307 4855 1346 4908 est
1365 4853 1406 4907 vel
1423 4851 1497 4925 quood
1514 4850 1581 4924 quid
1596 4852 1657 4908 erut
1674 4864 1734 4907 esse
1753 4848 1785 4921 (ὁ
1869 4850 1876 4862 “

282 4951 306 5006 τι
326 4943 355 5020 ἧν
375 4939 448 5023 εἶναι)
469 4955 538 5008 lrlem
557 4960 596 5008 est
612 4969 643 5007 uc
656 4953 777 5010 carcubii.
792 4955 865 5009 Text.
878 4956 920 5009 ιιι.
933 4956 1046 5009 eontinet
1064 4956 1143 5008 etlam
1161 4955 1290 5007 minorem
1309 4955 1471 5020 argumentt,
1490 4966 1558 5021 quae
1570 4953 1649 5005 ehem
1660 4956 1723 5005 text.
1736 4952 1785 5005 21.

282 5054 315 5123 (c.
336 5054 372 5122 6.)
392 5056 523 5107 asseritur.
1606 5100 1608 5104 ,

370 5152 381 5188 ²
402 5153 448 5205 bb
467 5151 567 5205 arldnut
585 5132 664 5222 quio,
685 5151 758 5222 qnod
776 5153 854 5206 etlam
873 5153 899 5205 ln
918 5152 939 5204 h
958 5152 1019 5218 luit,
1039 5151 1087 5206 sod
1104 5159 1265 5218 expunctum
1284 5158 1330 5206 est
1352 5150 1432 5204 l‘nulo
1449 5155 1508 5203 ente
1526 5149 1548 5202 D
1565 5148 1665 5215 legemr
1682 5150 1786 5205 utrum

280 5250 408 5305 videlicet.
426 5278 462 5291 —
480 5251 533 5304 llns
550 5253 717 5318 quaestiones
735 5251 812 5305 soluit
830 5251 932 5319 Scotns,
952 5252 977 5303 ln
997 5250 1014 5304 l.
1034 5251 1176 5305 berthcrm.
1195 5264 1264 5320 opus
1283 5250 1300 5303 l.
1320 5264 1346 5319 q.
1366 5251 1390 5302 h.
1411 5250 1444 5315 ³3
1462 5262 1532 5317 opus
1549 5247 1577 5302 ΙΙ.
1595 5262 1621 5315 q.
1642 5248 1666 5301 l.
1687 5248 1713 5300 2.
