3870 6488
218 340 283 412 236
797 358 948 421 anscario
969 356 1142 411 nrsrorarn

223 485 342 555 «Solus
365 485 449 555 enim
466 484 583 555 animal
607 487 703 556 bomo
725 485 846 574 duplex
870 490 928 567 est,
952 494 984 554 ot
1006 486 1076 555 eius
1098 504 1163 554 una
1179 504 1254 574 pars
1269 484 1425 576 simplex,
1440 504 1537 574 quam
1561 498 1717 557 vocamus

218 602 344 671 diuinae
366 603 583 671 similitudinis
606 604 783 671 lerinam».

306 718 356 787 Sic
378 736 464 806 ergo,
487 738 560 787 cnm
584 720 626 787 sit
650 720 768 808 triplex
791 721 911 806 gradus
932 719 1127 807 cognitionis,
1144 719 1263 788 scilica
1279 716 1434 807 tadmor,
1458 720 1588 788 taedias
1610 728 1644 789 et
1657 740 1714 787 aa

213 835 347 923 perium·
370 833 514 921 iaeserint·
536 843 584 905 est
607 835 638 904 in
664 836 783 904 lumine
806 845 964 915 emtarae,
989 836 1118 903 nartiac
1142 837 1172 903 in
1197 836 1318 904 larmine
1344 836 1602 923 supernaturali
1628 836 1719 917 viae,

218 949 335 1017 tertius
358 950 391 1018 in
413 951 533 1019 lnnrine
555 951 698 1038 patriae.
725 952 760 1019 lu
792 952 888 1020 balret
921 952 1055 1039 quilibet
1089 953 1209 1040 gradus
1232 971 1323 1021 suam
1348 953 1557 1034 latitudinem,
1584 953 1662 1040 qnia
1684 960 1721 1021 et

216 1066 326 1135 lumen
348 1074 481 1135 natnrao
502 1067 536 1136 in
561 1067 697 1136 dirersis
718 1074 766 1136 est
790 1068 890 1154 magis
926 1068 1051 1136 clarum
1073 1075 1105 1136 et
1129 1069 1235 1136 minus
1258 1069 1403 1149 clarnm;
1427 1068 1572 1137 similiter
1602 1068 1720 1136 lumen

216 1184 460 1270 supernaturale
477 1184 563 1264 viae;
587 1184 696 1251 lnmen
719 1184 814 1252 etiarn
831 1185 1074 1271 supernaturale
1098 1185 1220 1271 patriae
1242 1192 1292 1252 est
1314 1184 1346 1251 in
1369 1184 1416 1252 eis
1443 1184 1620 1252 secundnm
1645 1202 1720 1271 per·

215 1298 333 1367 lecturo
357 1306 389 1368 et
412 1300 637 1386 imperfectius.
663 1299 879 1368 llxistentibus
911 1318 988 1386 ergo
1018 1300 1122 1367 tribus
1145 1300 1299 1386 gradilurs
1323 1300 1543 1368 intellectualis
1566 1300 1721 1385 cognitio

216 1414 287 1495 nis,
321 1416 518 1483 declaratura
554 1422 602 1484 est
636 1434 678 1484 ex
713 1416 897 1502 praedictis,
929 1416 1014 1503 quod
1039 1416 1134 1482 bomo
1157 1416 1206 1484 vel
1231 1416 1368 1501 Angelos
1401 1415 1589 1484 naturaliter
1611 1423 1723 1503 potest

217 1530 391 1617 inlelligere
413 1550 526 1599 rerrnu
550 1539 692 1601 creatum
719 1533 749 1599 iu
766 1539 895 1600 aeterna
910 1532 1043 1600 ueritate
1059 1533 1236 1600 secundnm
1253 1533 1435 1601 interiorem
1449 1532 1588 1619 gradum
1612 1532 1723 1618 cogni-

216 1646 329 1728 tionis,
353 1654 385 1715 et
420 1648 480 1716 lroc
518 1648 613 1716 modo
649 1649 779 1735 triplici,
811 1655 847 1714 nt
881 1649 986 1716 risum
1009 1655 1066 1716 est.
1091 1648 1156 1715 Non
1180 1656 1285 1716 minen
1313 1655 1416 1735 potest
1452 1647 1629 1717 secundnm
1653 1666 1724 1716 nie

215 1762 305 1831 dium
329 1762 464 1849 gradum
490 1764 677 1850 cognitionis
700 1764 760 1832 nisi
784 1763 1072 1850 supernaturaliter
1095 1783 1153 1850 per
1177 1764 1285 1832 lnmen
1308 1764 1552 1850 supernaturale
1573 1763 1653 1832 viae.
1680 1765 1721 1831 Et

214 1878 296 1946 lorte
319 1877 377 1947 iste
401 1878 537 1960 modus,
561 1879 626 1947 lloo
650 1880 795 1960 iaciente,
822 1888 943 1947 ruentes
965 1879 1148 1966 aliquorum
1172 1879 1447 1967 pbilosophorum,
1471 1886 1575 1947 umen
1600 1879 1723 1966 imper·

214 1992 293 2061 lecte
307 1994 329 2075 ¹,
352 1994 462 2081 tetigit.
486 1995 680 2064 llncleetianr
708 1995 933 2081 Trisnregislus
960 1995 1000 2062 de
1020 1995 1188 2063 birinitate
1211 1995 1251 2061 ad
1276 1995 1454 2081 Asclepium
1478 2012 1591 2062 versus
1616 1993 1719 2061 sanem

215 2108 287 2176 libri
312 2110 388 2177 dicit
411 2111 472 2178 sie:
502 2135 518 2172 o
530 2111 653 2178 Gratias
676 2111 802 2197 agimus
827 2111 900 2191 tibi,
924 2128 1049 2179 summe
1071 2119 1103 2179 ct
1125 2110 1429 2198 exsuperantissirne
1441 2135 1450 2191 ;
1474 2116 1529 2177 tna
1544 2110 1630 2178 enirn
1646 2128 1721 2195 gra-

214 2224 258 2291 tia
281 2231 404 2292 tantum
428 2244 542 2294 sunaus
565 2227 751 2312 cognitionis
775 2234 849 2295 tuae
874 2227 981 2295 lurrren
1004 2227 1209 2296 consecuti».
1233 2227 1295 2294 Nec
1317 2231 1421 2314 potest
1444 2225 1621 2294 secundum
1646 2244 1722 2311 gra-

214 2340 293 2407 dum
317 2342 516 2428 superiorem
540 2343 600 2409 nisi
625 2361 683 2430 per
707 2342 815 2410 lnmen
839 2343 1084 2430 supernaturale
1106 2342 1239 2429 patriae.
1721 2338 1729 2353 ‘

305 2459 414 2525 Utrum
439 2464 545 2525 antem
570 2459 610 2525 sit
632 2458 762 2546 aliprrod
798 2460 906 2527 lurrrcn
930 2459 1183 2546 supernaturale,
1215 2458 1301 2545 quod
1324 2474 1366 2525 ex
1391 2456 1579 2525 liberalitate
1603 2457 1718 2525 divina

214 2573 522 2659 superinfundetnr²
544 2574 674 2642 cuilibet
696 2576 859 2662 supposito
884 2575 1046 2642 rationalis
1062 2575 1112 2643 rel
1140 2574 1362 2643 intellectualis
1385 2580 1566 2653 creaturae,
1594 2573 1625 2640 in
1650 2593 1719 2660 qno

213 2690 315 2758 mutu
339 2690 562 2777 intelligimus,
586 2710 668 2779 qnare
700 2712 762 2759 uon
798 2711 965 2779 possemus
1000 2692 1175 2778 intelligere
1209 2691 1242 2757 in
1265 2691 1332 2759 solo
1356 2689 1493 2758 naturali
1518 2688 1657 2769 luruine‚
1683 2698 1717 2758 ρι

211 2826 270 2893 per
293 2808 379 2895 qrrod
402 2808 498 2875 etiam
522 2808 655 2901 clarius·
674 2809 895 2895 cognoscimus
917 2808 1045 2896 aliqrra,
1078 2826 1160 2896 qnae
1196 2825 1253 2895 por
1290 2806 1397 2874 lumen
1426 2805 1572 2873 naturale
1596 2824 1655 2892 per
1681 2824 1717 2874 se

212 2940 402 3010 cognoscere
426 2942 607 3010 possemus:
632 2925 692 2993 boc
715 2942 773 3011 ego
797 2943 858 2992 non
884 2943 973 3011 trogo,
997 2942 1054 2993 nec
1078 2925 1118 2992 de
1141 2924 1202 2991 boc
1225 2924 1399 2991 intromitto
1421 2940 1472 2990 me
1488 2922 1529 2989 ad
1550 2940 1718 3008 praesens.

300 3040 350 3107 Sia
365 3057 442 3127 ergo
457 3041 655 3108 declaratum
671 3049 728 3122 est,
746 3041 906 3128 arronrodo
928 3041 1064 3127 ilrrgelns
1088 3040 1137 3107 vel
1154 3040 1250 3107 borno
1267 3039 1454 3107 naturaliter
1470 3045 1573 3126 potest
1596 3055 1727 3123 cogno·

211 3174 301 3224 scere
325 3173 438 3224 verram
462 3165 605 3225 creatum
630 3158 661 3223 in
685 3164 814 3225 aeterna
836 3158 987 3238 ueritate,
1010 3164 1046 3225 et
1069 3158 1229 3245 quomodo
1253 3176 1325 3222 non.

302 3273 396 3340 lllodo
420 3273 680 3360 respondeamus
703 3275 751 3341 ad
772 3282 984 3361 arpertueuta.

302 3390 337 3456 Et
359 3390 449 3476 quia,
465 3391 548 3458 sicut
563 3390 692 3457 risom⁸
716 3397 774 3471 est,
798 3390 985 3457 naturaliter
1002 3389 1207 3476 intelligimus
1223 3406 1336 3457 verram
1353 3395 1495 3457 creatum
1520 3388 1550 3455 in
1574 3394 1711 3455 aeterna

212 3506 343 3573 veritate
366 3506 474 3592 aliano
497 3506 609 3586 inodo,
632 3514 664 3573 et
686 3506 793 3593 aliqrro
817 3506 911 3573 rrrrrdo
927 3525 1004 3586 non3
1021 3506 1092 3573 idco
1114 3512 1239 3593 ρρριιρι
1262 3505 1436 3573 rectificare
1452 3511 1642 3591 argumenta
1666 3506 1710 3571 ad

212 3626 382 3709 utramque
404 3630 537 3708 partem.
555 3660 598 3671 —
614 3622 776 3689 Dicamus
797 3642 875 3710 erpo
888 3623 1000 3708 priruo
1023 3623 1070 3689 ad
1092 3630 1305 3710 argumenta,
1321 3640 1407 3711 paee
1418 3620 1607 3707 probabant
1631 3640 1719 3707 par·-

212 3716 276 3805 teru
298 3738 499 3825 nepertioam.

304 3856 330 3920 l.
355 3854 445 3939 Quod
468 3856 553 3921 enirn
577 3853 681 3940 primo
703 3854 887 3934 dicebatur,
902 3854 989 3940 qnod
1006 3853 1122 3922 ueritas
1138 3860 1266 3922 aeterna
1282 3872 1344 3921 non
1360 3859 1409 3921 ρει
1424 3871 1524 3921 causa
1541 3852 1721 3922 cuiuslibet

211 3970 277 4037 rori
309 3970 425 4049 creati;
448 3970 533 4049 (lico,
549 3970 635 4055 qrrcrd
651 3970 767 4037 lalsnrn
790 3977 847 4037 est.
873 3970 925 4036 Est
947 3970 1031 4036 enirn
1055 3969 1225 4037 rrrinslibet
1241 3969 1307 4037 rori
1332 3969 1428 4037 creati
1445 3987 1542 4036 causa
1570 3967 1721 4057 efficiens

210 4092 242 4154 et
263 4084 464 4171 caerreplaras
486 4095 518 4153 ρι
539 4085 663 4171 finalis.
680 4125 724 4135 —
741 4088 781 4152 Et
803 4085 891 4174 quod
907 4094 943 4152 tu
958 4085 1109 4163 cibabas,
1125 4086 1211 4173 prrod
1229 4103 1289 4152 non
1314 4093 1362 4153 est
1385 4103 1482 4153 causa
1504 4084 1596 4152 istius
1619 4085 1716 4152 reri:

212 4201 269 4269 iste
293 4202 436 4279 luratnr;
460 4202 541 4283 dico,
564 4202 649 4289 quiid
674 4220 712 4269 co
735 4202 844 4281 ruodo,
868 4220 931 4289 spuo
954 4211 1002 4269 est
1025 4202 1068 4268 ibi
1092 4203 1219 4281 veritas,
1242 4209 1290 4268 est
1325 4201 1411 4269 illins
1434 4200 1576 4269 veritatis
1598 4204 1716 4269 accisa.

212 4317 262 4383 Est
285 4317 369 4384 enirn
394 4318 595 4385 considerare
616 4318 790 4383 assecutione
817 4318 916 4403 ipsius
938 4323 1030 4385 actus
1058 4324 1089 4385 et
1112 4315 1376 4403 deformamur,-
1405 4317 1526 4384 ratione
1549 4317 1712 4386 essentiae

210 4432 310 4519 ipsius
333 4439 433 4513 aetus,
464 4439 512 4500 est
544 4433 585 4499 ibi
611 4433 705 4500 realis
727 4434 845 4500 veritis
867 4434 898 4500 in
923 4450 958 4501 re
985 4438 1079 4500 extra
1102 4432 1255 4509 animanu
1278 4440 1311 4500 et
1334 4433 1416 4501 sient
1439 4432 1576 4500 essentia
1604 4433 1717 4518 ipsius

209 4558 342 4616 actosa
366 4549 430 4616 [leo
453 4555 515 4630 est,
538 4549 581 4616 ila
603 4557 635 4618 ot
659 4551 776 4618 veritis
799 4549 911 4631 realis,
935 4569 1017 4637 quere
1040 4557 1088 4618 est
1111 4550 1142 4616 in
1166 4549 1303 4617 essentia
1337 4549 1439 4636 ipsios
1466 4555 1574 4630 aotrrs,
1599 4569 1620 4616 a
1644 4549 1716 4619 Deo

299 4874 361 4926 ι1ι·ι
381 4874 485 4928 violetur
504 4873 602 4927 lurluue
621 4874 656 4937 b;
677 4872 724 4925 scd
743 4875 763 4926 .·l
783 4874 918 4927 lectionem
938 4875 1045 4925 orrrnino
1064 4877 1215 4938 corruptum
1241 4880 1266 4926 ol
1295 4886 1346 4925 oon
1373 4869 1561 4938 intelligibilem
1586 4870 1722 4941 cullibet,

210 4973 277 5025 sicut
294 4973 372 5024 etiam
392 4974 417 5023 lu
438 4970 660 5037 propositionibus
678 4971 848 5038 urqrrentlbns
867 4972 965 5037 plurios
983 4979 1060 5024 eraut.

297 5069 309 5104 ¹
327 5070 347 5121 ,ι
365 5068 527 5138 inpenditur.

297 5167 309 5202 ³
329 5168 348 5228 ll
366 5167 466 5222 dictum
475 5187 486 5233 ;
506 5169 571 5223 intra
592 5171 611 5222 A
623 5165 742 5239 probeat
754 5183 802 5234 pro
811 5164 980 5238 probabant,
995 5169 1040 5236 qui
1054 5176 1140 5221 uroun
1154 5169 1217 5222 alias
1236 5170 1261 5220 in
1280 5167 1356 5220 simili
1376 5182 1438 5221 ausu
1451 5168 1524 5235 proult
1536 5172 1644 5235 tempus
1666 5170 1722 5223 ina-

209 5267 363 5333 perlectum.
