3870 6488
225 331 287 396 1⁶28
727 348 878 406 ortaissrro
901 348 1073 397 nrsrnrnrn
1097 348 1207 396 rnnrm

220 472 370 554 secundo,
388 473 519 541 «brevis
535 471 675 539 definitio
698 471 841 539 uirtutis:
858 473 937 540 ordo
952 472 1071 541 amoris
1083 498 1098 533 ι
1114 498 1122 549 ;
1138 471 1193 541 sed
1211 472 1265 541 ubi
1282 491 1344 540 non
1360 480 1408 540 est
1424 491 1501 540 vera
1517 471 1630 553 virtus,
1648 471 1718 540 bea·

221 588 324 656 titudo
349 606 418 657 esse
442 608 504 656 non
527 596 649 676 potest:
674 607 751 675 ergo
767 588 822 655 nbi
837 608 898 655 non
922 597 970 656 est
993 589 1125 657 scientia
1150 595 1252 667 certa,
1270 606 1327 657 nec
1343 606 1412 656 esse
1429 588 1591 657 beatitudo
1607 594 1717 675 potest.

221 704 281 770 lloc
304 712 411 772 autem
435 705 549 772 laisum
574 713 623 773 est
644 711 675 772 et
702 711 812 773 contra
846 723 973 772 omnem
1008 706 1162 774 rationem
1197 712 1228 772 et
1259 704 1453 792 appetituum
1488 721 1598 771 omnes
1633 703 1717 771 enim

219 827 306 887 certo
330 821 491 908 proposito
514 820 741 890 lentitudinem
764 827 935 908 appetunt,
958 829 994 888 ut
1010 820 1086 889 dicit
1102 820 1316 907 hugrrstiuus¹
1334 828 1366 889 et
1382 819 1548 889 Boethius:
1566 838 1642 905 ergo
1656 826 1719 887 ete.

308 938 337 1003 P.
364 936 456 1017 ltern,
480 935 534 1004 uhi
559 935 648 1003 nulla
670 944 718 1004 ost
749 936 879 1005 scientia
903 936 953 1003 rol
976 935 1097 1024 aliquid
1122 943 1265 1018 certum,
1289 935 1400 1004 nullus
1415 943 1463 1003 est
1478 942 1569 1004 achis
1592 943 1721 1017 certus;

218 1069 294 1137 orgo
318 1069 376 1120 nec
399 1052 663 1120 certitudinaliter
687 1051 772 1120 itur¹
797 1070 958 1140 quoquam
982 1071 1040 1120 nec
1071 1053 1293 1133 cornmeditur,
1309 1051 1365 1120 sed
1382 1051 1615 1121 verisimiliter:
1640 1068 1722 1138 ergo

218 1175 250 1234 et
272 1168 487 1237 uerisimiliter
510 1168 647 1250 riritnr3
671 1167 731 1236 hoc
753 1175 860 1236 autom
884 1168 1001 1236 laisum
1024 1175 1092 1236 est:
1116 1186 1194 1255 ergo
1216 1175 1275 1237 etc.

308 1284 338 1350 3.
364 1285 450 1363 ltom,
473 1284 650 1352 secundnm
674 1283 959 1351 Commentatorom
989 1302 1087 1372 snper
1110 1284 1288 1353 secundnm
1320 1283 1591 1372 hotophysicae‘,
1624 1302 1724 1370 appo

221 1399 311 1466 titum
337 1400 549 1468 universalem
574 1407 707 1468 naturae
731 1399 926 1486 impossihile
948 1407 997 1469 est
1019 1400 1189 1482 frustrari,
1212 1400 1289 1487 quin
1315 1399 1513 1488 compleatur
1529 1406 1586 1497 arat
1602 1399 1634 1467 in
1652 1407 1723 1467 toto

217 1523 273 1583 ant
297 1515 327 1582 in
351 1523 451 1603 parte.
468 1516 528 1584 Sed
545 1516 722 1585 secundum
747 1515 972 1603 Philosophum
990 1516 1020 1584 in
1045 1517 1200 1605 principio
1224 1515 1318 1604 primi
1342 1516 1583 1605 llotaphysicae.
1603 1534 1724 1584 omnes

218 1631 362 1699 hominos
385 1630 521 1698 natura⁴
544 1632 625 1700 scire
649 1630 843 1699 desiderant:
861 1651 937 1717 orgo
953 1632 1147 1719 impossibile
1170 1640 1218 1701 est
1234 1631 1488 1702 certitudinalem
1504 1632 1721 1721 cognitionem

217 1748 283 1815 sive
307 1748 469 1816 scientiam
493 1748 621 1816 excindi
648 1748 873 1815 universaliter
895 1748 937 1815 ah
960 1749 1101 1815 liumano
1124 1748 1297 1817 intellectu.

305 1863 336 1930 h.
360 1863 446 1944 ltem,
471 1863 632 1950 limpidior
647 1870 694 1931 ost
706 1863 841 1949 cognitio
856 1883 914 1950 por
930 1871 1077 1931 naturam
1102 1881 1198 1951 qnam
1223 1882 1280 1950 per
1297 1863 1408 1944 halom,
1431 1863 1507 1951 qrria
1530 1863 1603 1931 illa⁵
1618 1862 1720 1931 hahet

215 1996 374 2045 annonam
398 1978 642 2060 obscuritatem
666 1980 721 2047 sed
745 1979 880 2065 cognitio
903 1998 961 2066 per
986 1980 1080 2047 tidem
1116 1981 1211 2047 hahet
1233 1980 1474 2048 cortitrnlinom:
1506 1998 1583 2066 ergo
1612 1979 1718 2047 multo

216 2095 329 2162 lortius
351 2095 487 2182 cognitio
509 2113 567 2183 pcr
590 2104 747 2163 naturam.

845 2317 1084 2391 nnseohneo:

303 2539 393 2608 Circa
430 2540 521 2608 istam
557 2541 774 2630 paraestionem
810 2541 964 2610 laborarit
987 2542 1093 2629 opinio
1123 2542 1190 2610 sire
1214 2559 1305 2609 error
1328 2540 1587 2610 hcadomirorum
1619 2557 1715 2607 noro-

215 2674 307 2737 rnm,
342 2656 397 2743 qui
429 2666 627 2744 munerant,
662 2657 786 2727 nullum
816 2676 928 2726 verum
964 2676 1056 2744 posse
1091 2657 1354 2726 certitudinalitor
1394 2655 1645 2746 comprehendi⁶
1677 2674 1715 2723 ac

215 2790 273 2857 por
307 2771 366 2840 hoc
401 2772 480 2840 nulli
517 2774 562 2841 rei
598 2774 762 2855 assentiri;
785 2781 816 2842 et
840 2775 996 2860 sapiontes
1023 2792 1092 2843 esse
1117 2773 1166 2842 rol
1192 2775 1297 2841 rostari
1328 2791 1390 2840 non
1414 2792 1434 2840 a
1456 2771 1632 2859 mgnitiono
1656 2790 1716 2841 seu

214 2887 415 2974 perceptione
451 2889 607 2972 veritatis,
642 2889 698 2958 sed
731 2889 932 2976 inquisitione
956 2896 987 2957 et
1019 2889 1266 2976 investigatione.
1298 2888 1458 2977 Originem
1489 2894 1597 2956 arrtem
1620 2885 1718 2957 istius

212 3002 331 3070 erroris
366 3004 477 3071 recitat
511 3005 706 3091 Augustinus
742 3005 836 3072 tortio
869 3004 955 3087 libro
978 3012 1089 3072 eontra
1112 3004 1328 3086 Academicos,
1351 3011 1383 3072 et
1406 3003 1530 3072 docimo
1565 3020 1649 3070 nono
1674 3002 1717 3071 de

213 3118 344 3187 Ciuitate
379 3120 457 3202 biri,
492 3121 630 3207 capitulo
665 3120 777 3208 primo.
814 3120 952 3188 Fuerunt
986 3122 1071 3189 onim
1108 3121 1173 3188 duo
1215 3138 1331 3206 genera
1370 3118 1660 3200 Academicorum,
1694 3137 1717 3186 a

215 3233 323 3301 schola
346 3235 530 3303 hcademica
553 3236 806 3316 nominatorum,
830 3235 948 3303 scilicet
970 3255 1134 3302 nonorrnn
1150 3242 1182 3303 et
1197 3244 1352 3302 cedrum.
1378 3234 1413 3301 Et
1435 3242 1582 3301 catenam
1597 3232 1716 3301 hoade·

213 3350 369 3417 uncorum
394 3351 519 3438 primus
542 3351 601 3419 luit
624 3351 728 3431 Pluto,
751 3370 915 3417 nouorum
938 3358 1044 3418 nartem
1072 3351 1280 3419 hrohesilaus.
1305 3348 1411 3419 Posuit
1440 3348 1524 3417 onim
1543 3348 1631 3416 Plato
1654 3348 1716 3417 du·

214 3466 328 3550 plicem
353 3467 526 3535 mundum:
552 3467 781 3553 intelligibilem
805 3474 837 3535 et
860 3467 1060 3546 sensibilom;
1097 3467 1187 3534 illurn
1211 3484 1334 3548 rerum,
1369 3466 1456 3533 hunc
1491 3462 1717 3545 verisimilem,

212 3581 253 3647 ad
278 3580 364 3649 illius
397 3582 565 3669 imaginem
601 3583 729 3651 lactrnn.
754 3582 800 3650 Ex
825 3582 879 3650 illo
913 3583 1076 3651 serenari²
1110 3582 1273 3651 ueritatem
1299 3581 1399 3650 ineis
1433 3598 1515 3669 quae
1549 3579 1716 3649 animuin

213 3696 273 3764 isto
295 3697 416 3766 mundo
440 3706 724 3792 cognosceret3ex
750 3699 810 3766 isto
844 3705 951 3767 numm
988 3699 1018 3766 in
1053 3699 1221 3767 animabus
1244 3698 1416 3766 stultorum
1441 3714 1503 3765 non
1527 3695 1716 3779 scientiam,

214 3813 270 3881 sed
294 3814 473 3900 opinionem
497 3816 660 3901 generari,
690 3822 722 3882 et
747 3815 818 3883 ideo
852 3817 1025 3903 sapientes,
1049 3816 1103 3902 qui
1138 3815 1302 3883 exonerati
1326 3813 1554 3901 cupiditatibus
1578 3830 1714 3894 rernm,

213 3928 244 3995 in
269 3930 359 3998 illum
383 3931 540 3999 mnndum
564 3949 598 4000 se
622 3931 809 4013 extollunt⁸‚
844 3932 951 4000 omnia
985 3931 1249 4000 certitudinaliter
1272 3935 1476 4018 cognoscunt,
1499 3935 1531 3997 et
1552 3927 1599 3997 eis
1623 3936 1717 3998 certa

212 4051 286 4113 sunt
309 4047 424 4114 omnia.
450 4046 528 4116 llaec
551 4047 657 4135 opinio
680 4047 808 4116 durarit
831 4065 934 4135 usqne
957 4047 998 4115 ad
1023 4047 1238 4127 Polemonem,
1267 4046 1359 4115 cuins
1392 4044 1556 4113 auditores
1578 4043 1716 4113 luerunt

301 4261 309 4296 ¹
330 4262 399 4315 einr.
418 4263 446 4315 n.
465 4262 498 4316 ue
517 4261 572 4316 ιιι.
592 4261 653 4316 ιιι.
673 4277 696 4316 c.
716 4263 741 4315 o.
761 4276 785 4315 n.
806 4263 848 4316 ns.
866 4290 903 4302 -
920 4262 1019 4328 marn,
1038 4261 1075 4314 ιιι.
1096 4261 1128 4314 aa
1147 4260 1250 4314 consor.
1278 4260 1357 4313 oron
1376 4260 1401 4313 a.
1419 4286 1456 4300 -
1474 4244 1553 4313 miro
1570 4264 1632 4312 anie
1650 4272 1717 4325 pro-

212 4362 308 4414 conhu
328 4372 434 4414 omnem
454 4360 587 4415 rollonem
606 4361 625 4413 ll
644 4362 740 4415 contro
759 4370 928 4415 communem
955 4358 1110 4429 appetitum.
1129 4357 1250 4413 Ceterum
1275 4358 1349 4411 loctlo
1368 4363 1455 4411 nostra
1474 4358 1500 4410 ln
1528 4357 1549 4409 h
1573 4362 1601 4410 et
1618 4354 1639 4410 C
1657 4370 1715 4409 uon

211 4466 250 4512 est
269 4464 347 4512 certa.

300 4554 350 4611 ’C
369 4558 489 4623 tenetur,
510 4558 531 4610 h
550 4555 665 4623 ridetur,
686 4556 734 4610 sed
752 4556 841 4610 dublo.
1059 4600 1062 4605 .

206 4666 211 4673 ·
299 4653 443 4707 3(Σοιιιιιῑ,
466 4655 488 4708 l.
506 4682 543 4694 -
561 4655 587 4708 ln
606 4656 736 4723 principio
754 4655 833 4707 lnrlus
852 4660 936 4707 tcxtns
954 4655 973 4707 b
992 4652 1012 4709 C
1030 4655 1153 4707 omittunt
1170 4650 1360 4708 unirursolrm.

246 4783 248 4786 <
300 4750 539 4806 4(Ῑιιιιιιιιιιιιϊιι.

197 4866 202 4873 ·
299 4849 311 4886 ⁵
330 4850 363 4902 lta
383 4849 460 4903 codd.
480 4864 529 4916 pro
548 4847 627 4917 hooc,
649 4850 704 4904 scil.
724 4850 798 4904 lidos.

299 4947 311 4984 ⁶
330 4946 350 5003 C
367 4946 437 5002 nihil
454 4947 513 5003 ocri
528 4962 606 5018 posse
624 4946 848 5003 certitndinclitcr·
867 4945 933 5002 sciri
950 4949 976 5002 et
992 4944 1188 5016 comprehendi.

299 5045 311 5081 ⁷
330 5045 350 5098 C
368 5044 487 5112 srmrnra',
509 5045 578 5100 hue
596 5044 644 5101 illo
662 5043 787 5101 rotulari.
807 5045 939 5112 Origlnalo
957 5044 1035 5099 habet
1059 5044 1184 5100 serenari
1209 5043 1340 5099 unimam.
1368 5072 1405 5084 -
1435 5044 1505 5097 llaec
1531 5050 1558 5099 ol
1583 5059 1654 5115 quae
1680 5060 1710 5101 se

211 5154 328 5214 nutriatur
344 5151 465 5210 excerpta
485 5153 546 5198 sunt
564 5160 594 5198 ox
613 5145 739 5211 August,
759 5144 796 5198 lll.
816 5151 904 5197 contra
924 5144 1046 5197 heodem.
1066 5158 1089 5198 c.
1112 5144 1152 5196 tl.
1172 5158 1196 5197 n.
1216 5144 1258 5196 37.
1279 5144 1321 5196 38.

299 5241 311 5279 ⁸
330 5245 349 5295 b
367 5241 512 5311 uthrlhml,
534 5243 553 5296 C
572 5218 699 5298 mallant.
720 5243 787 5297 lnlra
807 5243 826 5295 ll
845 5240 1017 5298 Academiam
1038 5257 1086 5310 pro
1105 5241 1301 5298 Acudenn'cnm.
