3870 6488
319 359 380 423 llrl
820 370 970 430 ornusrm
993 369 1164 419 orsurrsrs
1189 368 1306 428 orrum

315 516 350 566 se
371 515 464 566 nosse
489 492 603 585 [niens]
627 495 771 583 quaerit,
794 504 933 562 messem
955 516 990 562 se
1012 514 1081 562 esse
1104 494 1167 561 iam
1191 495 1296 575 norit,
1319 492 1460 580 alioquin
1485 498 1594 561 utrum
1618 511 1653 562 se
1668 499 1816 582 quaerat,

315 613 438 699 ignorat
455 644 484 678 ».
507 613 538 679 Si
562 629 639 695 ergo
662 611 753 698 prius
776 611 864 679 norit
884 630 920 677 se
942 629 1050 691 mens,
1084 628 1183 697 quam
1217 610 1305 677 norit
1337 626 1439 676 accunt
1471 618 1585 677 actum
1613 628 1703 677 csse:
1736 625 1816 694 crgo

313 748 375 796 non
400 729 560 816 cognoscit
581 745 616 794 se
639 745 697 814 per
719 733 831 795 actnm'
850 740 957 795 snum.

404 845 435 911 3.
459 844 553 923 ltem,
577 860 671 909 omne
694 842 793 923 illud,
816 860 873 929 per
897 842 983 929 qued
1006 842 1127 929 aliquid
1151 843 1252 910 scitur
1275 840 1326 911 uel
1349 843 1567 928 cognoscitur,
1588 850 1637 911 est
1652 842 1819 911 immedia-

315 959 380 1026 tins
403 958 601 1044 cognoscenti
626 976 721 1044 quam
747 957 909 1043 cognitum
933 957 1037 1044 ipsum
1062 958 1113 1025 rel
1137 958 1275 1039 scitum3
1297 957 1354 1026 sed
1377 965 1500 1026 certum
1523 965 1589 1037 est,
1612 958 1697 1046 qnod
1721 965 1819 1027 actus

314 1076 404 1144 utillo
427 1075 522 1143 modu
545 1081 593 1143 cst
615 1073 828 1143 immediatior
862 1074 988 1141 animae
1014 1090 1112 1161 quam
1136 1073 1205 1161 ipsa
1226 1073 1307 1141 sibi:
1330 1092 1408 1159 ergo
1430 1092 1493 1141 non
1515 1074 1675 1159 erignoscit
1696 1090 1733 1140 se
1755 1092 1818 1160 per

313 1200 419 1259 actum
444 1208 550 1257 suum.
666 1218 685 1251 s
1584 1215 1588 1223 -

698 1422 794 1506 Qsced
816 1430 928 1489 cutem
951 1430 1129 1509 cognuscat
1146 1440 1209 1508 per
1231 1422 1428 1500 maeotium,

485 1538 534 1605 ito
557 1537 647 1627 qrcod
667 1558 734 1605 noo
754 1558 816 1625 per
837 1538 977 1625 speciem
1000 1536 1153 1627 alequam
1174 1538 1340 1616 mettium,
1362 1538 1547 1607 ostenditur
1568 1537 1643 1605 sic:
1690 1548 1692 1553 ’

405 1772 432 1836 1.
458 1769 531 1837 lria
553 1776 751 1837 concurrunt
771 1769 812 1837 ad
836 1769 1064 1855 cognitionem,
1087 1768 1206 1837 scilicet
1228 1788 1444 1857 coglwsecru,
1474 1770 1644 1859 cognitum
1664 1776 1699 1837 et
1720 1768 1817 1836 ratio

313 1884 553 1972 cognoscenti,
578 1884 646 1951 sive
668 1903 733 1970 quo
755 1883 965 1970 cognoscitur.
988 1884 1049 1951 Sed
1073 1884 1180 1951 anima
1202 1885 1233 1953 in
1257 1884 1433 1971 cognitione
1456 1885 1507 1953 sni
1535 1891 1583 1955 est
1610 1896 1817 1973 cognoscens

312 2006 345 2066 et
368 1999 540 2087 cogentum
562 2007 595 2067 et
617 1999 726 2077 rotie,
750 1999 817 2067 siue
840 2017 904 2085 quu
926 1999 1146 2086 cognoscitur:
1170 2016 1247 2085 ergo
1269 1999 1315 2069 sic
1337 2016 1396 2086 per
1417 2000 1620 2087 semetipsam
1635 1999 1815 2087 cognoscit,

312 2115 398 2202 qnod
424 2134 487 2182 non
513 2132 569 2202 per
592 2121 693 2182 actius.
716 2112 877 2181 Pretorio
899 2114 1062 2181 munus
1085 2115 1280 2200 Augustinus
1302 2132 1385 2182 nonu
1407 2114 1448 2185 de
1472 2115 1640 2196 trinitate,
1670 2113 1816 2203 capitulo

314 2229 429 2298 terti0¹
455 2230 553 2311 dicit,
576 2230 661 2317 quod
694 2228 810 2297 «nouit
833 2229 1035 2316 semetipsam
1059 2246 1117 2315 per
1139 2230 1386 2317 semetipsam».

403 2348 432 2413 i.
457 2345 552 2425 item,
575 2344 770 2432 Augustinus
792 2343 982 2413 duodecimo
997 2362 1095 2432 super
1110 2344 1274 2425 Genesim,
1289 2345 1429 2432 capitulo
1443 2346 1574 2415 sexto²:
1598 2343 1705 2414 e-lllud
1720 2345 1813 2432 quud

312 2480 374 2529 nun
401 2462 661 2548 imaginabiliter,
685 2462 740 2530 sed
765 2463 895 2549 proprie
915 2479 977 2529 non
1002 2479 1059 2548 per
1087 2478 1206 2548 corpus
1239 2461 1385 2541 ridetur,
1419 2461 1500 2530 illud
1530 2460 1659 2529 ridetur
1688 2460 1814 2529 risione

313 2577 561 2646 intellectuali».
585 2578 647 2646 lloc
671 2578 764 2644 inodo
788 2577 916 2645 uidetur
939 2576 1075 2645 dilectio.
1100 2576 1136 2643 Et
1158 2584 1248 2663 post:
1274 2576 1335 2645 lloc
1357 2583 1458 2662 genus
1480 2576 1621 2658 visionis,
1650 2594 1745 2663 «quo
1766 2575 1816 2642 di·

313 2692 405 2761 lectio
429 2694 589 2762 intellecta
610 2693 821 2782 conspicitur,
844 2710 900 2761 eas
922 2710 975 2760 res
997 2692 1153 2771 continet,
1175 2710 1257 2781 quse
1279 2690 1342 2761 non
1367 2692 1484 2761 nauem
1507 2690 1682 2779 imagines'
1696 2692 1750 2759 sui
1773 2691 1816 2758 si·

312 2808 423 2887 miles,
445 2826 528 2895 quae
552 2827 613 2876 non
638 2815 713 2876 siunt
735 2807 821 2895 quod
846 2808 979 2896 ipsae».
1003 2808 1084 2894 Ergo
1106 2807 1234 2877 dilectio
1256 2808 1398 2877 cernitur
1420 2815 1453 2876 et
1475 2806 1603 2875 ridetur
1617 2813 1674 2877 aut
1688 2826 1750 2895 per
1764 2814 1815 2876 ‘es

312 2923 467 3005 sentiam,
490 2930 547 2991 aut
569 2942 627 3011 per
650 2924 788 3011 speciem
812 2923 941 2993 omnino
962 2942 982 2991 a
1004 2942 1038 2992 se
1063 2923 1304 2993 indifferentem.

401 3038 432 3105 3.
454 3039 546 3120 ltem,
569 3039 803 3107 Commentator
827 3058 924 3126 super
947 3038 1076 3108 tertium
1100 3040 1141 3108 de
1163 3040 1295 3110 anina*
1318 3039 1416 3120 dicit,
1437 3040 1522 3128 quud
1547 3041 1579 3110 in
1599 3041 1698 3111 rebus
1721 3060 1814 3131 sepa-

312 3155 390 3223 ratis
411 3172 431 3221 a
454 3155 587 3222 macria
610 3173 672 3223 non
701 3162 750 3222 est
783 3154 872 3223 aliud
908 3155 1053 3236 intentio,
1082 3174 1140 3242 per
1174 3174 1272 3243 quam
1296 3156 1532 3242 intelliguntur,
1555 3164 1587 3226 et
1610 3156 1727 3238 torma,
1751 3178 1815 3246 per

310 3286 407 3355 qnam
432 3278 507 3338 snnt
530 3269 561 3337 id
584 3270 670 3356 qnod
694 3278 783 3351 sunt3
807 3270 863 3339 sed
889 3277 1013 3339 certum
1037 3278 1103 3352 est,
1126 3270 1212 3359 quod
1237 3276 1300 3339 tam
1324 3272 1431 3340 anima
1453 3290 1550 3360 quam
1578 3272 1730 3355 habitus,
1752 3277 1813 3362 qui

310 3391 385 3452 sunt
409 3384 441 3452 in
464 3385 591 3466 anima,
626 3392 701 3454 scunt
734 3404 753 3452 a
787 3386 921 3454 materia
953 3392 1116 3473 separatu:
1142 3402 1219 3473 ergo
1250 3405 1312 3454 non
1337 3387 1560 3475 intelliguntur
1583 3406 1642 3476 per
1663 3389 1812 3477 aliquam

311 3500 516 3569 intentionem
540 3501 607 3569 sinu
631 3500 768 3588 speciem
791 3520 810 3567 a
833 3519 866 3569 se
890 3501 1103 3570 disserentem:
1126 3520 1205 3589 ergo
1228 3503 1449 3589 intelliguntur
1473 3521 1532 3591 per
1553 3505 1708 3574 εεεειιῑίεε
1731 3524 1815 3576 suns

311 3623 445 3685 tantum.

398 3734 429 3801 i.
454 3732 547 3813 lum,
570 3733 838 3821 quandocumque
860 3733 968 3821 eliqua
992 3732 1004 3766 ⁸
1028 3734 1219 3821 proueniunt
1241 3752 1283 3802 ex
1306 3734 1451 3817 unouus,
1475 3736 1518 3804 ita
1539 3736 1625 3825 quod
1647 3738 1742 3825 quasi
1766 3756 1813 3807 ex

237 3922 241 3927 ,
310 3848 438 3917 dirobus
459 3848 646 3936 compositio
668 3849 724 3929 sit,
739 3866 867 3918 neeesse
882 3857 945 3930 est,
968 3849 1056 3937 qnod
1079 3868 1180 3918 unum
1204 3850 1245 3919 sit
1267 3850 1355 3918 velut
1378 3850 1498 3932 torma,
1519 3850 1609 3921 aliud
1632 3851 1724 3921 reiut
1743 3870 1816 3923 ma·

311 3965 399 4039 teria
423 3964 505 4031 sicut
527 3964 761 4032 commentator
784 3964 860 4032 dicit
892 3982 993 4051 super
1027 3965 1157 4033 tertium
1181 3964 1222 4033 de
1245 3965 1386 4034 tuimet
1410 3966 1442 4033 Si
1465 3966 1563 4053 igitur
1585 3967 1667 4037 audo
1696 3966 1816 4039 intelli·

309 4078 403 4164 gendi
427 4096 461 4147 se
485 4079 586 4167 ipsam
610 4086 717 4146 manat
738 4078 780 4146 ab
807 4079 876 4167 ipsa
909 4080 1015 4147 anima
1046 4087 1080 4148 et
1102 4081 1206 4169 specie
1229 4081 1296 4149 sire
1319 4079 1427 4169 aliqua
1449 4082 1657 4151 similitudine
1681 4084 1813 4168 media,

309 4211 437 4263 neeesse
460 4200 525 4274 est,
548 4194 634 4282 qued
657 4195 764 4263 anima
786 4195 828 4263 sit
849 4195 938 4264 velut
962 4197 1114 4277 materia,
1133 4202 1169 4265 et
1190 4196 1313 4284 species
1335 4197 1419 4266 sicut
1440 4197 1559 4281 torma,
1585 4199 1661 4287 qnia
1683 4201 1813 4287 species

309 4309 366 4378 illa
388 4329 450 4379 non
474 4317 577 4398 potest
603 4328 673 4381 esse
696 4311 780 4380 sicut
802 4311 944 4381 materia.
968 4311 1029 4379 Sed
1052 4318 1177 4381 certum
1201 4318 1266 4393 est,
1289 4312 1376 4401 quud
1399 4312 1482 4383 actio
1504 4313 1714 4403 principalius
1737 4334 1814 4405 pre

308 4425 392 4494 cedit
414 4445 434 4493 a
457 4426 559 4494 lorme
581 4445 678 4514 qnam
701 4446 721 4495 a
743 4427 888 4496 materia:
913 4446 989 4514 ergo
1012 4427 1219 4515 principalius
1242 4429 1388 4515 prouenit
1410 4448 1452 4498 ex
1484 4430 1538 4498 illa
1564 4430 1681 4518 specie,
1707 4451 1813 4521 quam

308 4560 327 4610 a
350 4560 384 4612 se
408 4543 486 4631 ipsa.
510 4543 570 4611 lloc
593 4550 700 4611 arrum
723 4543 838 4612 salsum
862 4549 926 4611 est:
950 4561 1027 4631 ergo
1049 4562 1112 4611 non
1135 4544 1293 4631 cognoscit
1317 4562 1351 4613 se
1367 4562 1425 4635 per
1447 4546 1585 4635 speciem
1610 4546 1764 4617 medum.

400 4758 408 4794 ¹
427 4759 503 4812 llum.
523 4760 548 4812 3.

393 4854 405 4892 ¹
427 4857 503 4910 Num.
524 4856 565 4910 t5.

397 4954 409 4991 ³
427 4954 476 5010 lic
494 4961 520 5010 et
537 4958 615 5009 cunm
634 4959 668 5023 s,
687 4954 733 5009 scd
752 4970 767 5009 n
785 4955 901 5010 mcundn
920 4969 1000 5010 mnnu
1019 4953 1126 5025 species.

396 5051 407 5088 ⁴
426 5051 541 5107 Corum
562 5053 604 5107 tu.

395 5150 407 5187 ⁶
425 5151 446 5202 lt
463 5149 560 5221 utque
575 5149 647 5206 ectio
665 5151 805 5221 provenit,
825 5159 851 5207 et
869 5166 930 5207 mos
948 5150 1094 5221 compositu
1112 5151 1165 5218 sit,
1186 5151 1232 5206 rrlsl
1250 5151 1271 5207 C
1288 5152 1465 5225 compositum
1478 5156 1519 5211 est
1531 5168 1580 5223 pru
1592 5154 1754 5225 conposito
1767 5158 1811 5215 sit.

395 5246 540 5302 ⁰Cuntest.
560 5248 603 5301 36.
