3870 6488
215 362 280 434 tto
794 376 945 439 orracsno
969 375 1142 427 ausuram

217 509 366 588 increata,
389 505 566 593 cognitione
599 504 738 574 mediata
760 511 793 573 et
815 504 993 573 discursiva
1015 509 1047 572 et
1069 503 1207 571 obscura
1229 507 1261 571 ct
1283 500 1315 569 in
1339 499 1494 588 generali;
1516 516 1580 567 non
1608 506 1714 568 lamen

216 630 347 711 propter
372 621 432 690 hoc
455 628 504 690 est
525 620 620 688 nodab
633 640 695 708 por
709 640 745 687 cc
759 628 885 687 notum
902 618 982 689 lllud
999 625 1048 687 est
1063 617 1147 687 enim
1164 636 1224 706 per
1237 634 1272 685 se
1287 623 1398 685 notum
1414 616 1523 699 nobis,
1539 614 1589 683 cui
1608 615 1713 683 statim

214 740 347 809 assentit
363 739 560 820 intellectus,
576 737 712 825 cognito,
735 735 813 825 qnid
835 743 883 805 est
906 735 992 824 quod
1016 735 1132 805 dicitur
1155 753 1214 824 per
1237 751 1367 815 nomen,
1389 740 1545 823 quantum
1568 732 1610 801 ad
1634 731 1712 799 illud

215 857 301 945 quod
326 856 439 924 ultimo
473 856 566 924 ollert
596 871 629 923 se
660 852 828 941 cognitioni
853 852 893 921 de
917 851 1093 939 significato
1115 851 1261 932 termini3
1283 850 1368 919 unde
1392 850 1540 938 quamvis
1569 848 1631 917 ista
1645 866 1715 935 pre

215 973 348 1061 positio:
366 971 522 1060 quaedam
539 978 588 1040 est
602 971 721 1038 teritus
743 977 872 1039 aeterna
893 988 951 1057 per
974 986 1009 1039 se
1032 968 1190 1050 existens,
1213 969 1255 1037 sit
1285 985 1343 1056 per
1373 985 1407 1036 se
1429 975 1522 1048 nota,
1557 970 1715 1054 quantum

90 1132 94 1137 -
214 1095 263 1157 est
285 1107 328 1157 cx
352 1095 443 1175 parte
459 1106 535 1168 sua,
559 1094 743 1156 tamennon
766 1092 815 1154 est
837 1102 895 1173 per
911 1102 945 1153 se
961 1092 1035 1152 nola
1047 1083 1152 1173 quoad
1177 1103 1243 1153 nos.
1266 1085 1419 1171 Quamvis
1434 1084 1519 1152 enim
1536 1081 1716 1151 intellectus

214 1205 382 1273 assentiret
405 1202 511 1271 statim
529 1201 573 1269 illi
590 1200 813 1290 propositioni,
836 1200 915 1269 scito
939 1200 1077 1288 perlecte
1090 1252 1099 1282 ,
1114 1200 1192 1288 quid
1209 1199 1358 1289 estquod
1374 1200 1564 1287 diciturper
1580 1216 1716 1278 nomcn;

215 1326 400 1389 tamennon
417 1319 522 1387 statim
539 1317 670 1386 assentit
687 1316 729 1385 illi
747 1317 969 1405 propositioni,
992 1317 1086 1397 scito,
1108 1317 1250 1406 quidest
1272 1317 1358 1405 quod
1375 1317 1494 1386 dicitur
1507 1335 1567 1405 per
1582 1333 1716 1396 nomen,

214 1442 369 1523 guantum
385 1435 426 1503 ad
444 1433 523 1503 illud
548 1433 633 1521 quod
657 1431 770 1500 ultimo
794 1433 886 1501 ollert
909 1451 943 1501 se
966 1432 1133 1521 cognitioni
1158 1433 1197 1502 dc
1220 1433 1395 1521 signillcato
1418 1433 1554 1501 termini.

303 1553 334 1619 8.
358 1551 403 1618 dd
427 1549 507 1617 illud
530 1549 616 1637 quod
640 1548 837 1635 arguebatur
858 1556 987 1631 octavia
1009 1549 1095 1636 guod
1120 1549 1254 1618 nobilior
1277 1550 1416 1638 potentia
1443 1549 1590 1618 nobiliori
1620 1548 1717 1617 modo

215 1667 348 1735 intendit
371 1667 401 1734 in
426 1683 522 1735 suum
553 1664 712 1734 obiectum
736 1671 814 1753 etc.;
845 1665 983 1733 concedo
998 1666 1028 1746 ¹,
1051 1666 1137 1753 quod
1162 1684 1275 1734 verum
1299 1672 1355 1734 cst
1385 1665 1473 1735 Unde
1503 1664 1584 1733 bene
1607 1682 1719 1734 conce

215 1783 357 1852 dendum
381 1790 446 1865 est,
470 1782 555 1870 quod
591 1780 769 1850 intellectus
792 1781 938 1850 nobiliori
974 1783 1068 1851 modo
1096 1782 1196 1851 tendit
1223 1784 1255 1851 in
1290 1801 1386 1852 suum
1419 1783 1579 1852 obiectum
1617 1800 1717 1870 qnam

215 1900 321 1980 risus3
345 1918 407 1967 non
439 1905 544 1965 tamen
575 1905 705 1985 propter
729 1897 789 1966 hoc
813 1898 975 1986 sequitur,
1005 1899 1118 1986 quodsi
1150 1900 1238 1968 risus
1261 1901 1361 1988 pessit
1383 1900 1415 1967 in
1443 1901 1717 1988 complementum

82 2002 86 2009 ’
214 2016 264 2083 sui
287 2024 377 2084 actus
399 2033 440 2084 cx
465 2014 556 2103 puris
578 2013 796 2096 naturalibus,
827 2014 913 2101 quod
937 2024 1068 2103 propter
1091 2016 1151 2084 boc
1182 2015 1361 2085 intellectus
1387 2018 1487 2103 possit
1510 2017 1649 2104 perfecte
1682 2019 1715 2085 in

213 2132 480 2219 complementum
496 2131 546 2198 sui
562 2139 652 2199 actus
668 2149 709 2198 ex
727 2130 817 2216 puris
833 2131 1043 2211 naturalibus,
1066 2132 1214 2221 quamvis
1226 2133 1324 2220 possit
1339 2151 1382 2201 ex
1398 2133 1488 2221 puris
1511 2133 1714 2200 naturalibus

213 2248 244 2316 io
269 2247 408 2334 aliquem
430 2253 537 2316 actum
561 2245 803 2332 incompletcm.
829 2246 915 2314 ilatio
939 2253 1045 2315 antem
1071 2247 1168 2316 huius
1191 2255 1255 2329 est,
1279 2248 1355 2335 quia
1378 2248 1557 2317 intellectus
1579 2254 1628 2316 est
1648 2255 1714 2315 tani

99 2388 104 2395 ·
214 2363 329 2432 nobilis
352 2363 508 2450 potentia,
539 2361 624 2449 quod
648 2361 814 2429 ordinatur
844 2362 886 2429 ad
915 2370 979 2431 tam
1007 2363 1145 2433 nobilem
1168 2371 1294 2446 actum,
1325 2364 1412 2453 quod
1442 2365 1713 2452 complementum

215 2479 302 2547 illius
317 2478 441 2547 excedit
457 2475 664 2546 facultatem'
687 2476 842 2545 naturalis
864 2478 1021 2564 potentiae
1037 2516 1081 2528 -
1096 2479 1184 2547 risus
1200 2488 1307 2548 autem
1323 2487 1454 2568 propter
1470 2480 1520 2548 sui
1537 2480 1714 2567 ignobilita-

214 2602 277 2662 tem
309 2613 370 2661 non
394 2593 562 2661 ordinatur
584 2593 625 2660 ad
648 2599 770 2673 actum,
792 2593 885 2661 cuius
911 2593 1178 2679 complementum
1202 2595 1404 2663 transcendat
1419 2595 1601 2665 facultatem
1625 2602 1716 2664 natu·

215 2711 291 2779 ralis
313 2710 620 2798 potentiae—sicut
642 2710 802 2790 videmus,
826 2710 912 2798 quod
929 2711 1111 2796 generativa
1134 2711 1272 2781 hominis
1296 2712 1434 2800 disponit
1457 2713 1623 2781 materiam
1648 2719 1716 2780 tam

214 2827 310 2895 nobili
334 2827 556 2915 dispositione,
579 2827 664 2915 quod
681 2825 952 2913 cornplcmcntum
969 2828 1162 2896 transcendit
1178 2826 1360 2897 facultatem
1376 2828 1531 2898 naturalis
1546 2829 1715 2916 polentiae.

215 2943 302 3011 Unde
325 2941 540 3011 intellectiva·
563 2960 626 3009 non
649 2947 844 3029 potestesse
879 2942 938 3011 nisi
961 2963 981 3010 a
1004 2942 1068 3011 beo
1091 2951 1235 3025 creante,
1258 2951 1291 3014 et
1313 2944 1373 3013 hoc
1402 2963 1445 3013 ex
1469 2945 1632 3015 nobilitate
1663 2965 1718 3034 po

214 3061 329 3129 tentiae
352 3061 553 3147 generativae
576 3059 730 3142 lrominis;
754 3061 938 3147 generativa
959 3068 1066 3130 autem
1083 3062 1162 3131 asini
1186 3069 1317 3149 propter
1332 3062 1382 3131 sui
1406 3048 1633 3150 ignobilitatem
1652 3082 1718 3130 non

214 3174 352 3263 disponit
375 3175 540 3243 materiam
564 3174 605 3243 ad
629 3174 911 3263 cornplcmcntum,
934 3177 1020 3266 qnod
1044 3178 1248 3247 transcendat
1277 3177 1459 3248 facultatem
1484 3179 1641 3248 naturalis
1664 3199 1720 3266 po

213 3290 338 3358 tentiae.
362 3290 412 3357 Sic
434 3308 510 3378 ergo
526 3297 629 3378 patet,
652 3291 739 3377 qrrod
762 3309 804 3360 ex
828 3291 898 3372 lroc,
921 3292 1007 3379 griod
1032 3293 1210 3362 intellectus
1233 3301 1297 3363 mm
1321 3293 1425 3362 mobili
1445 3295 1542 3362 nando
1565 3295 1667 3363 tendit
1683 3295 1720 3363 in

213 3405 372 3473 obiectum
397 3424 508 3487 suum,
531 3412 564 3474 et
587 3406 618 3473 in
642 3405 826 3473 obiectata‘
852 3414 921 3474 tam
943 3406 1049 3475 nobile
1079 3409 1232 3496 procedit,
1254 3410 1339 3497 quod
1369 3428 1432 3477 non
1452 3418 1555 3497 potest
1577 3411 1720 3499 perfecte

213 3520 249 3587 iu
272 3519 542 3607 ccotplcmcatum
565 3522 614 3590 sui
639 3528 729 3591 actus
752 3539 793 3589 ex
817 3524 908 3609 puris
931 3522 1141 3593 naturalibus.
1166 3524 1202 3593 Et
1224 3525 1300 3612 quia
1323 3526 1412 3594 visus
1436 3524 1595 3613 interiori
1616 3527 1720 3595 crode

215 3637 314 3704 tendit
337 3636 368 3703 in
392 3637 551 3706 obiectum
569 3656 683 3713 suum,
706 3644 738 3707 et
753 3639 785 3706 in
809 3639 967 3707 obiectum
984 3639 1079 3707 etiam
1102 3640 1338 3728 quodammodo
1352 3641 1415 3708 vile
1439 3649 1585 3729 respectu
1600 3642 1719 3711 obiecti

214 3752 408 3823 intellectus:
433 3772 476 3822 ex
509 3754 568 3822 boc
590 3754 719 3836 accidit,
742 3755 833 3842 quod·
859 3761 962 3841 potest
984 3755 1014 3823 in
1039 3774 1135 3825 suum
1157 3763 1265 3824 actum
1293 3757 1468 3845 coritplcte⁵
1495 3775 1537 3826 ex
1565 3758 1722 3826 naturali-

213 3869 283 3938 bus.
309 3871 403 3937 lctus
418 3877 526 3937 autem
551 3869 728 3939 intellectus
752 3870 955 3958 imperiectus
972 3871 1259 3959 incomparabiliter
1283 3880 1331 3941 est
1354 3872 1489 3941 nobilior
1512 3892 1609 3962 quam
1625 3883 1722 3942 actus

213 3984 342 4054 ridendi
366 3984 398 4052 in
432 3984 577 4053 ultimate
601 3985 651 4054 sui
686 3985 876 4073 perlectione
898 3987 1128 4056 consideratus.
1152 3988 1254 4057 [lebes
1288 3995 1392 4057 umen
1428 3989 1480 4059 hic
1502 3989 1673 4058 advertere
1688 3991 1721 4074 ⁸,

214 4101 299 4188 quod
323 4101 471 4188 quamvis
494 4101 685 4190 quandoque
709 4120 750 4171 ex
776 4100 936 4171 nobilitate
960 4105 1118 4190 potentiae
1139 4105 1318 4192 proveniat,
1342 4106 1428 4193 quod
1445 4125 1507 4175 non
1531 4106 1631 4195 possit
1643 4128 1724 4194 per-

91 4276 95 4283 .
212 4214 295 4303 lecte
318 4215 348 4283 in
373 4216 640 4303 complementum
664 4217 714 4285 sni
738 4225 829 4287 actus
851 4235 893 4285 ex
908 4218 1127 4301 naturalibus,
1151 4226 1256 4287 tamm
1279 4220 1366 4309 quod
1388 4221 1480 4289 callo
1495 4222 1593 4289 ruodo
1616 4225 1723 4310 possit

215 4332 377 4403 inactum
401 4351 498 4401 suum
520 4350 561 4401 ex
587 4333 804 4415 naturalibus,
830 4334 888 4402 boc
903 4351 946 4402 ex
970 4353 1085 4422 magna
1100 4335 1294 4422 ignobilitate
1318 4337 1519 4424 procederem
1543 4338 1630 4407 unde
1648 4341 1725 4408 nul·

215 4448 278 4517 lam
302 4450 475 4537 polentiam
511 4450 649 4518 nobilem
683 4451 844 4533 invenies,
875 4469 957 4538 quae
979 4469 1022 4520 ex
1054 4452 1255 4521 naturalibus
1282 4452 1390 4542 aliquo
1424 4454 1520 4522 modo
1551 4455 1583 4521 in
1607 4463 1722 4526 actum

302 4680 311 4716 ¹
331 4685 352 4737 d
371 4681 448 4750 dico,
468 4690 495 4737 et
513 4696 573 4735 mou
592 4694 641 4737 occ
659 4683 750 4737 tumen
767 4681 825 4735 loco
843 4694 898 4737 aori
917 4684 1016 4737 limen.

282 4754 351 4836 '¹1³
369 4778 525 4836 iratundiam
541 4776 700 4850 sucultulem
717 4779 855 4835 nataralia
872 4780 1013 4851 potentiue,
1033 4779 1103 4837 sicat
1120 4778 1254 4849 addemus,
1276 4781 1420 4837 omittendo
1432 4783 1629 4851 parenthesim:
1645 4784 1726 4841 cusam

212 4881 304 4937 catam
321 4888 385 4947 otc,
403 4893 472 4948 quae
491 4893 584 4934 revera
603 4879 676 4933 lacllc
694 4881 777 4933 omittl
796 4885 892 4945 posset

300 4978 447 5045 ³Supple:
466 4978 560 5031 anima.
579 5002 616 5017 -
634 4977 691 5031 Mox
710 4982 770 5031 unte
789 4976 843 5033 Deo
861 4978 882 5031 Α
901 4979 995 5033 omlttlt
1013 4979 1166 5047 particulam
1185 4991 1212 5033 a.

302 5075 314 5113 ⁴
333 5078 353 5130 B
370 5078 464 5132 omittit
481 5074 511 5131 in
529 5074 666 5132 obiectum.

302 5175 315 5212 ⁵
332 5177 353 5230 Α
371 5189 454 5231 suum
471 5175 564 5230 actum
580 5172 720 5244 complere.

302 5272 314 5309 ⁶
333 5274 353 5329 lt
370 5273 439 5332 scire
446 5293 458 5342 ,·
478 5286 539 5327 moa
558 5272 578 5324 Α
597 5274 691 5327 omlttlt
709 5269 877 5345 quandoque.
