3870 6488
292 360 353 428 lii
711 448 720 463 ·
780 376 931 436 oxenesrro
953 378 1126 426 msrurnrn
1150 378 1295 426 suornm

376 501 421 569 dd
449 503 497 569 ll.
523 501 801 589 dicendumque!
827 501 944 569 ueritus
968 519 1030 568 uon
1053 506 1101 568 est
1123 499 1235 567 eodem
1260 500 1355 568 modo
1379 501 1409 567 in
1434 499 1533 567 rebla
1556 509 1588 568 et
1613 501 1787 569 intellecta.

287 616 319 682 ln
344 616 442 684 rebar
465 624 514 685 est
536 616 748 704 origbmlilor
771 622 802 685 et
818 617 1001 684 eareraliter
1018 636 1075 703 per
1099 623 1279 703 respectum
1303 617 1344 684 nd
1369 615 1581 699 intellectum,
1605 618 1660 685 sed
1685 618 1717 685 in
1741 618 1788 684 ia·

286 732 411 800 tellecta
432 740 481 800 est
502 730 705 819 formaliter,
728 739 765 800 ut
787 732 1007 819 supmdiotum
1031 738 1088 800 εει.
1118 732 1153 799 Ει
1175 731 1251 819 quin
1274 750 1335 798 non
1360 739 1408 799 est
1431 732 1544 800 eodan
1574 732 1689 814 modo,
1713 731 1786 801 ideo

286 865 348 914 non
371 854 420 916 est
443 848 611 915 uniformis
632 848 843 935 comparatio:
868 847 1051 915 causaliter
1081 846 1165 915 enim
1200 848 1300 934 nugis
1322 855 1372 916 εει
1394 846 1427 915 iu
1450 848 1566 929 rebus,
1593 845 1787 935 formaliter

287 965 389 1050 magis
410 970 459 1033 est
482 964 513 1031 in
538 965 709 1033 intellectu.

375 1079 419 1147 nd
446 1083 495 1147 li.
520 1080 706 1162 dicendum,
729 1080 815 1168 quod
838 1078 901 1147 alio
924 1080 1018 1147 modo
1042 1080 1127 1148 Deus
1149 1088 1198 1148 est
1220 1098 1317 1148 eausa
1341 1098 1469 1162 rerum,
1492 1087 1524 1149 et
1548 1098 1600 1149 res
1621 1099 1719 1149 eausa
1736 1100 1789 1148 no

287 1202 371 1263 strae
395 1195 551 1264 scientiae.
577 1196 662 1263 Deus
684 1196 769 1264 enim
793 1214 890 1265 nense
913 1213 1023 1263 rerum
1046 1203 1095 1263 est
1118 1204 1187 1263 tota
1209 1202 1242 1264 ει
1261 1194 1335 1263 eolo
1357 1201 1389 1264 ει
1412 1194 1533 1263 totins:
1562 1195 1635 1263 ideo
1658 1214 1711 1264 res
1733 1195 1788 1264 de

287 1312 467 1398 pendente
490 1329 549 1379 sun
571 1312 779 1399 providentia.
803 1312 863 1380 Sed
889 1330 940 1381 res
964 1331 1026 1380 narr
1050 1319 1125 1381 sunt
1147 1330 1244 1380 onusa
1266 1312 1446 1380 necessarie
1467 1320 1595 1382 nostroe
1617 1311 1785 1391 soientine3

287 1435 392 1515 posset
415 1428 500 1497 euim
523 1428 609 1497 Deus
632 1428 816 1514 imprimere
839 1429 956 1531 nostris
979 1427 1190 1497 intellectibus
1214 1446 1324 1496 rerum
1347 1428 1488 1515 speeies,
1503 1446 1561 1515 per
1576 1446 1657 1517 ques
1672 1446 1788 1515 cogno

286 1562 467 1625 seeremus,
490 1544 572 1612 siout
594 1526 708 1612 indidit
731 1544 864 1631 Angelis„
889 1544 999 1613 Adhuc
1021 1562 1083 1611 non
1108 1552 1183 1612 sunt
1208 1562 1305 1612 causa
1328 1552 1397 1610 tota
1419 1551 1450 1612 ot
1472 1543 1558 1622 sola,
1587 1545 1684 1610 immo
1707 1562 1786 1611 oum

288 1660 408 1728 lumine
431 1660 528 1727 nostri
554 1660 732 1728 intellectus
754 1660 876 1746 agentis
911 1667 1038 1728 etcum
1075 1658 1195 1727 lumine
1219 1659 1344 1739 dirino;
1367 1665 1399 1727 ει
1423 1659 1495 1729 ideo
1521 1658 1547 1727 si
1580 1658 1643 1726 sint
1677 1658 1791 1744 aliquo

289 1777 383 1844 modo
406 1795 503 1844 eorrsn
525 1776 720 1864 originalis,
745 1784 849 1843 tranen
872 1794 934 1843 non
958 1782 1034 1843 suut
1067 1794 1164 1844 reuse
1186 1775 1433 1854 conservativa,
1462 1793 1521 1843 neo
1557 1780 1713 1863 quautam
1745 1774 1791 1841 nd

287 1892 338 1960 sui
361 1892 632 1959 conservationem
657 1901 766 1960 nostra
789 1892 919 1959 scientio
941 1891 1101 1978 dependet
1122 1910 1142 1958 e
1165 1891 1272 1959 rebus

377 2007 421 2075 dd
445 2007 494 2074 13.
518 2007 707 2088 dicendum,
730 2008 816 2095 quod
841 2014 975 2109 nonxest
997 2007 1110 2087 simile,
1135 2006 1285 2095 quoniam
1301 2024 1415 2075 sensus
1438 2026 1500 2075 non
1517 2006 1613 2075 nabet
1630 2005 1695 2073 rim
1713 1990 1790 2073 ron·

288 2124 479 2192 sarraliam
503 2124 683 2211 specierum
707 2124 928 2204 sensibilium,
951 2124 1033 2192 sicut
1058 2122 1236 2190 intellectus
1259 2122 1521 2208 intelligibilium
1535 2129 1568 2191 et
1584 2122 1655 2190 ideo
1668 2138 1791 2189 sensus

289 2257 350 2305 non
375 2239 469 2306 sentit
492 2239 552 2306 nisi
577 2246 743 2327 praesente
767 2256 802 2307 re
825 2247 967 2320 sensate,
992 2237 1193 2306 intellectus¹
1219 2236 1364 2324 intelligit
1386 2256 1422 2306 re
1445 2238 1615 2307 destructe
1640 2236 1676 2305 Ει
1709 2237 1791 2324 qnia

287 2353 374 2441 opud
398 2353 591 2422 intellectum
616 2355 772 2423 babemus
794 2354 915 2441 species
938 2353 1167 2441 intelligibiles,
1190 2372 1252 2420 non
1275 2359 1383 2421 uuam
1405 2354 1492 2441 opud
1523 2371 1653 2422 sensnm
1688 2356 1791 2423 sensi·

287 2468 387 2550 biles,
412 2468 482 2538 ideo
504 2469 580 2538 dioit
595 2469 805 2556 Philosophus
827 2469 968 2538 seeundo
983 2469 1023 2539 de
1041 2470 1148 2536 ¹inimo
1162 2467 1185 2550 ²,
1201 2468 1288 2557 quod
1306 2469 1522 2557 intelligimus,
1545 2469 1675 2558 quando
1700 2468 1794 2537 rolu-

291 2602 381 2666 mus,
405 2603 466 2652 non
491 2591 596 2653 tamen
620 2585 784 2653 sentimus.

379 2700 424 2769 nd
450 2702 500 2769 lt.
524 2701 710 2783 dicendum,
734 2702 835 2791 quod,
859 2710 895 2770 ut
918 2701 1117 2790 praediolum
1140 2710 1209 2783 est,
1232 2703 1351 2771 scibilis
1373 2702 1414 2770 ad
1438 2703 1601 2772 seientiam
1635 2722 1700 2772 non
1734 2710 1790 2773 est

288 2816 400 2884 relatio
423 2818 481 2886 uisi
507 2817 683 2886 seeundum
708 2818 877 2896 rationem
901 2818 973 2887 ideo
995 2826 1027 2886 et
1049 2818 1234 2887 assimilatio
1258 2819 1362 2886 solum
1392 2819 1571 2888 seeundum
1606 2819 1791 2902 rationem;

278 2938 319 2999 et
341 2939 472 3019 pmpler
485 2916 548 3001 boo
563 2952 625 3000 non
648 2940 772 3020 oportet
795 2952 923 3020 ponere,
946 2933 1068 3021 aliquid
1091 2933 1269 3002 secundum
1285 2952 1354 3002 rem
1371 2934 1510 3003 existere
1524 2954 1566 3003 ex
1583 2942 1675 3022 perte
1696 2934 1790 3004 intel-

289 3046 430 3133 ligibilis,
453 3048 509 3116 sed
534 3049 637 3116 solum
661 3048 692 3116 in
716 3049 982 3136 apprehensione3
1006 3056 1134 3117 nonest
1169 3048 1412 3130 inconveniens,
1440 3055 1476 3116 ut
1503 3049 1543 3117 ad
1572 3067 1705 3117 nouens
1733 3049 1791 3117 ali-

289 3162 366 3249 quid
390 3163 547 3231 reseratur
570 3164 747 3233 secundum
781 3164 946 3233 rationem.
972 3165 1069 3233 Video
1104 3165 1200 3246 enirn,
1222 3165 1307 3252 quod
1333 3165 1415 3233 inter
1437 3164 1555 3255 aliana
1588 3172 1637 3234 est
1670 3164 1786 3234 relatio

288 3278 465 3347 seeundum
489 3299 557 3347 eree
578 3299 620 3348 ex
643 3288 733 3367 perte
757 3280 924 3367 utriusque
947 3280 1101 3348 extremi:
1125 3280 1254 3367 quondo
1276 3281 1360 3350 enim
1392 3288 1539 3350 extrema
1561 3280 1787 3368 dependente

288 3412 323 3462 se
346 3395 502 3477 inrioem,
525 3402 557 3464 ει
580 3395 692 3463 relatio
715 3396 746 3463 in
771 3404 907 3483 utroquo
929 3403 1076 3464 extremo
1098 3396 1219 3484 aliquid
1243 3397 1345 3484 ponit,
1368 3397 1452 3465 sicut
1486 3397 1569 3465 inter
1592 3403 1716 3484 petrem
1752 3403 1786 3466 et

289 3510 401 3578 silium.
426 3511 510 3580 luter
531 3512 603 3579 alia
626 3519 674 3580 est
697 3512 808 3580 relatio
824 3531 865 3580 ex
883 3520 973 3599 parte
990 3513 1124 3581 alterius
1135 3514 1271 3580 extremi
1286 3513 1463 3581 seeundum
1476 3532 1555 3592 esee,
1567 3513 1624 3581 sed
1636 3531 1679 3582 ex
1695 3520 1790 3600 parte

288 3625 422 3695 alterius
445 3629 622 3696 seeundum
645 3629 833 3707 rationem
848 3636 880 3697 et
897 3629 967 3697 ideo
983 3646 1024 3696 ox
1041 3637 1131 3715 parto
1154 3629 1252 3697 buius
1272 3629 1409 3697 extremi
1433 3629 1511 3696 nibil
1529 3629 1659 3716 anniv,
1682 3628 1790 3716 qualis

289 3751 337 3811 est
359 3745 440 3813 inter
463 3746 625 3813 seientiam
649 3754 681 3814 et
703 3746 822 3813 scibile.
847 3745 930 3814 lnter
953 3745 1025 3813 alia
1048 3752 1096 3814 est
1119 3745 1231 3813 relatio
1252 3763 1295 3813 ox
1325 3751 1416 3831 perte
1448 3745 1617 3833 utriusque
1647 3746 1789 3813 extremi

289 3860 465 3928 seeundum
489 3862 725 3941 rationarium
749 3862 832 3929 inter
858 3861 960 3929 linum
994 3868 1026 3929 et
1048 3868 1212 3930 creaturas
1235 3861 1276 3928 ab
1306 3867 1444 3928 aeterno.
1470 3860 1610 3928 Fuerunt
1631 3859 1717 3928 enim
1754 3858 1790 3928 in

289 3973 354 4043 Deo
376 3976 418 4043 ab
440 3985 568 4046 aeterno
593 3977 681 4045 idone
705 3995 814 4046 rerum
839 3977 1032 4058 lrendnrum,
1048 3996 1131 4064 quae
1154 3977 1265 4044 dieunt
1281 3977 1465 4045 relationem
1483 3975 1524 4044 ad
1541 3994 1594 4045 res
1609 3976 1792 4045 seeundum

288 4089 465 4171 rationem,
489 4092 564 4180 quia
587 4092 664 4160 nibil
691 4093 778 4177 [uenit
800 4111 842 4160 ex
867 4098 956 4178 parto
979 4091 1105 4160 divinae
1121 4092 1292 4173 essentiae,
1316 4110 1374 4159 nee
1397 4109 1438 4160 ox
1455 4098 1547 4179 parte
1562 4109 1792 4179 rerumquae

289 4224 351 4275 nnn
375 4208 515 4275 luerunt.
540 4208 596 4277 Ubi
621 4208 780 4294 igiturest
797 4207 907 4276 relatio
923 4207 973 4275 rel
989 4206 1174 4275 assimilatio
1190 4206 1368 4275 seeundum
1385 4207 1562 4287 rationem,
1584 4225 1645 4273 non
1661 4212 1793 4293 oportet

288 4342 407 4412 ponere
431 4331 576 4391 extrema
599 4323 658 4392 nisi
683 4323 860 4391 secundnm
885 4323 1048 4391 rationem.

378 4439 421 4507 ld
452 4442 499 4507 15.
514 4445 599 4526 potet
611 4439 783 4525 responsio.
798 4438 921 4506 Dictum
934 4445 982 4506 est
993 4438 1093 4518 enirn,
1105 4437 1191 4525 qrrod
1205 4437 1258 4505 illo
1270 4435 1445 4506 similitudo
1457 4436 1535 4504 nibil
1549 4436 1793 4525 ponitexpnrte

290 4557 408 4625 soibilis
424 4555 601 4623 secundnm
626 4574 709 4632 rom,
734 4554 789 4621 sed
806 4553 983 4621 seeundum
1001 4553 1153 4621 rationem
1163 4560 1286 4620 mulum
1300 4579 1308 4635 ;
1321 4560 1352 4621 et
1362 4553 1432 4621 ideo
1445 4572 1507 4619 nou
1520 4559 1645 4641 oportet
1655 4560 1794 4641 propter

291 4673 441 4741 honrem
466 4688 592 4757 ponere.
618 4667 757 4749 Aribae,
781 4670 835 4736 ille
859 4668 1033 4736 similitudo
1056 4668 1203 4737 accidens
1221 4687 1339 4737 nerum
1363 4676 1412 4737 est
1434 4687 1476 4736 ex
1505 4675 1596 4755 parte
1617 4666 1755 4737 ulterius
1771 4668 1794 4753 ⁴,

381 4966 389 5000 ¹
409 4966 431 5019 D
449 4965 522 5018 addit
541 4966 640 5018 maan.

379 5064 390 5099 ἲ
410 5065 482 5117 Text.
502 5064 543 5115 60.
564 5062 597 5129 (c.
617 5061 663 5128 5.).

379 5162 391 5198 ³
409 5163 510 5215 scilieet
528 5160 625 5212 relatio.
644 5187 681 5199 -
698 5159 778 5211 Paulo
795 5164 855 5212 anto
874 5157 1019 5213 adiecimus
1036 5155 1128 5224 baias,
1149 5162 1178 5211 ut
1196 5162 1330 5211 animus
1349 5157 1466 5225 roqulrlt

381 5256 393 5295 ⁴
411 5260 512 5312 scilieet
530 5259 641 5312 scientis.
654 5285 692 5297 -
704 5256 769 5310 lnlrn
790 5271 839 5324 rr)
856 5258 991 5326 argrolar
1008 5257 1031 5309 b
1048 5257 1205 5326 urgeretur,
1225 5257 1268 5308 cui
1287 5256 1357 5308 luvet
1374 5256 1453 5310 etlam
1472 5254 1501 5306 lt.
