3870 6488
606 516 893 626 QUAESTIO
924 516 1252 607 DISPUTATA
1281 516 1502 625 QUINTA

677 689 680 693 “
751 736 806 804 ru.
833 735 1362 822 nemorumnemorum.

434 1091 550 1174 Quinto
573 1091 760 1217 quaeritur,
785 1092 896 1165 utrum
919 1091 1029 1165 amma
1053 1094 1217 1185 mgnoecat
1239 1092 1440 1186 semetipsam
1462 1092 1668 1182 athemius,

491 1208 546 1301 qui
570 1204 605 1280 in
627 1229 666 1282 ea
689 1207 782 1295 eunt,
806 1227 862 1300 per
884 1208 1053 1281 essentiam
1075 1229 1184 1298 suam,
1208 1229 1251 1282 an
1273 1229 1329 1302 per
1352 1210 1443 1282 actus
1465 1208 1542 1282 taut
1599 1259 1607 1281 .

394 1416 490 1500 Quod
509 1435 571 1503 per
594 1424 691 1483 octus
715 1423 862 1495 tuntum,
886 1415 1029 1483 vientur.

396 1534 423 1598 i.
448 1531 506 1600 Per
530 1532 609 1600 iliud
633 1531 739 1599 anima
762 1532 921 1618 cognoscit
943 1548 977 1600 se
1001 1538 1032 1601 et
1055 1531 1198 1615 habitus,
1221 1532 1275 1621 qui
1307 1533 1339 1601 in
1374 1550 1413 1601 ea
1446 1538 1539 1615 sunt,
1574 1533 1661 1621 quod
1696 1531 1809 1602 solnm

303 1648 378 1716 iacit
400 1647 440 1715 ad
464 1648 685 1734 cognitionem,
708 1654 740 1715 et
763 1666 826 1735 quo
849 1654 971 1716 remoto
993 1667 1056 1716 non
1080 1656 1184 1735 potest
1205 1667 1404 1736 cognoscere.
1431 1650 1493 1719 Sed
1516 1656 1607 1719 actus
1639 1651 1708 1719 sire
1730 1667 1809 1738 ope

304 1766 443 1834 rationes
467 1771 541 1833 sunt
564 1764 770 1833 huiusmodi:
794 1780 871 1851 ergo
893 1770 952 1832 etc.
974 1763 1136 1832 Prodotio
1158 1765 1325 1835 minoris:
1360 1766 1391 1834 Si
1423 1766 1509 1835 enim
1532 1766 1691 1854 cognoscit
1714 1783 1749 1835 se
1774 1772 1810 1835 et

303 1881 434 1949 habitus
457 1879 489 1948 in
513 1897 547 1949 se
571 1880 743 1948 existentes
770 1898 827 1967 per
857 1881 1077 1968 semetipsam,
1102 1899 1164 1948 nou
1188 1900 1246 1969 per
1268 1889 1376 1964 actus,
1402 1889 1477 1951 tuuc
1499 1900 1563 1951 non
1586 1880 1747 1969 cognoscit
1771 1898 1810 1951 se

303 1996 352 2064 rei
378 1995 508 2065 habitus
523 2014 542 2063 a
558 1994 716 2082 superiori
732 2032 776 2045 -
793 1995 853 2063 troc
876 2012 1021 2081 suppono
1036 2034 1080 2044 —
1096 2012 1153 2064 nec
1175 1995 1218 2064 ab
1241 1996 1381 2064 inieriori
1397 2036 1441 2047 —
1457 1997 1517 2066 hoc
1540 1997 1702 2081 coustat¹;
1725 2003 1808 2066 tunc

304 2112 382 2182 haec
405 2111 540 2200 cognitio
563 2117 647 2179 esset
669 2108 817 2177 omnibus
848 2109 1035 2191 communis,
1059 2117 1091 2178 et
1124 2111 1257 2198 quilibet
1279 2120 1386 2200 posset
1413 2113 1553 2181 animam
1576 2130 1668 2182 snam
1691 2130 1810 2200 cogno

302 2242 408 2308 scere,
432 2226 518 2315 quod
541 2225 658 2293 iaisrrm
682 2232 738 2293 est.
763 2224 852 2308 Nam,
875 2232 911 2293 ut
934 2225 1010 2294 dicit
1031 2228 1224 2314 Augustinus
1246 2227 1370 2297 decimo
1393 2235 1504 2297 oetam
1527 2229 1568 2298 de
1586 2228 1719 2297 Ciuitate
1736 2229 1809 2311 Dei,

303 2341 442 2430 capitulo
458 2341 582 2410 decimo
604 2347 715 2409 octavo
728 2339 759 2422 ²,
782 2340 912 2428 quidam
937 2341 1017 2409 bibit
1038 2360 1197 2411 venenum
1222 2343 1254 2410 in
1277 2360 1378 2427 caseo,
1408 2349 1441 2412 et
1462 2350 1538 2413 tunc
1568 2338 1653 2433 [sihi]
1677 2343 1811 2413 rideba-

302 2464 355 2525 tur
377 2474 447 2526 esse
470 2456 613 2526 caballus
636 2464 668 2526 et
690 2464 818 2544 portare
840 2474 938 2523 onera
961 2457 1044 2527 inter
1067 2459 1227 2526 iumenta:
1252 2477 1328 2547 ergo
1351 2467 1409 2529 etc.

393 2576 424 2642 d.
447 2575 543 2657 item,
567 2573 592 2642 si
616 2573 723 2641 anima
745 2572 948 2659 semetipsam
972 2573 1094 2641 rideret
1116 2581 1173 2641 aut
1194 2574 1390 2658 intueretur,
1413 2575 1524 2644 nuilus
1557 2576 1642 2645 circe
1675 2574 1808 2645 animae

301 2698 450 2758 naturam
474 2696 619 2771 erraret;
642 2688 696 2758 sed
722 2688 814 2757 multi
838 2688 923 2757 circa
945 2687 1069 2757 animae
1093 2696 1241 2758 naturam
1263 2698 1475 2774 erraverunt,
1497 2691 1550 2760 alii
1567 2697 1716 2780 putamus
1732 2708 1808 2759 eam

301 2824 375 2888 cor,
397 2805 451 2873 aiii
476 2807 663 2887 cerebrum,
686 2804 740 2873 alii
764 2804 969 2891 sauguinem,
991 2804 1046 2873 alii
1069 2812 1209 2887 atomos,
1231 2805 1287 2874 alii
1309 2809 1434 2889 adrem,
1457 2807 1512 2876 alii
1534 2807 1657 2896 iguem,
1672 2812 1710 2876 ut
1725 2806 1807 2876 dicit

301 2923 496 3010 Augustinus
518 2922 642 2992 decimo
665 2922 705 2991 de
729 2921 890 3001 Trinitate,
914 2921 1053 3008 capitulo
1076 2922 1210 3010 septimo
1224 2920 1255 2990 ³:
1288 2940 1365 3011 ergo
1388 2923 1494 2993 anima
1516 2922 1720 3012 semetipsam
1745 2941 1808 3011 per

301 3039 504 3128 semetipsam
527 3057 590 3106 noo
613 3038 773 3126 cognoscit
795 3056 898 3126 neque
921 3055 955 3106 se
979 3037 1068 3106 ridet
1089 3046 1146 3106 aut
1169 3039 1321 3108 intuetur.

392 3154 422 3223 3.
445 3156 543 3232 item,
566 3154 761 3243 quicumque
783 3152 943 3239 cognoscit
965 3171 1033 3221 rem
1056 3152 1196 3241 aliquam
1222 3172 1280 3243 per
1300 3155 1462 3244 proprium
1479 3155 1627 3244 speciem,
1642 3158 1808 3244 cognoscit

303 3270 371 3340 sine
394 3272 562 3353 discursu,
587 3271 669 3340 sicut
691 3275 834 3358 apparet,
857 3269 1006 3357 quoniam
1030 3270 1120 3338 visus
1142 3270 1316 3358 corporalis
1339 3272 1406 3341 sine
1430 3272 1579 3341 discursu
1597 3272 1701 3355 ridet,
1726 3273 1808 3361 qnia

300 3408 359 3476 per
383 3390 520 3479 speciem
544 3386 742 3477 corporalem
765 3404 834 3455 rem
858 3385 1070 3473 apprehendit
1082 3411 1092 3468 ;
1113 3386 1168 3455 sed
1193 3388 1299 3456 anima
1321 3406 1379 3457 nec
1403 3405 1437 3457 se
1472 3405 1530 3457 uec
1564 3386 1712 3470 habitus,
1747 3391 1810 3476 qui

301 3504 333 3572 in
358 3524 392 3573 se
415 3512 511 3588 sunt,
535 3503 694 3592 cognoscit
717 3502 785 3571 siue
808 3501 978 3570 discursu:
1002 3519 1079 3590 ergo
1102 3521 1164 3570 nou
1188 3503 1347 3590 cognoscit
1370 3521 1404 3573 se
1425 3505 1475 3573 vel
1490 3504 1637 3586 habitus,
1652 3504 1710 3594 qui
1726 3512 1808 3574 sunt

301 3621 334 3690 in
357 3642 412 3706 se,
436 3641 495 3712 per
516 3621 681 3710 propriam
705 3620 842 3708 speciem
867 3619 934 3687 sire
956 3637 1014 3706 per
1036 3619 1220 3701 essentiam,
1243 3638 1320 3706 ergo
1341 3638 1400 3708 per
1422 3628 1521 3690 actus

389 3743 420 3810 t.
433 3741 521 3821 item,
536 3742 628 3808 actus
639 3736 757 3805 virium
774 3735 978 3824 superiorum
995 3754 1057 3803 non
1074 3734 1306 3824 impediretur⁴
1328 3754 1387 3824 per
1402 3736 1666 3825 impedimentum
1680 3736 1807 3806 virium

303 3855 509 3938 interiorum,
533 3853 592 3922 nisi
615 3859 706 3922 ectus
729 3851 917 3920 interiorum
940 3850 1220 3920 subministrarent
1241 3860 1274 3921 et
1296 3852 1494 3922 deservirent
1516 3853 1640 3924 actibus
1660 3852 1811 3943 superio

303 3991 399 4055 rum;
423 3972 478 4040 sed
503 3987 561 4039 nos
584 3968 752 4049 ridemus,
776 3968 862 4057 quod
885 3984 944 4055 per
967 3967 1230 4055 impedimentum
1253 3973 1385 4036 actuum
1411 3969 1599 4039 inferiorum
1633 3974 1726 4038 actus
1748 3986 1806 4039 su·

301 4090 465 4177 periorum
489 4086 726 4175 impediuntur,
750 4084 832 4168 sicut
855 4091 1001 4173 apparet,
1025 4084 1186 4172 quoniam,
1209 4084 1369 4172 impeditis
1391 4084 1516 4154 actibus
1544 4085 1742 4167 inferiorum,
1769 4087 1807 4157 it

302 4213 417 4294 gantur
440 4204 526 4272 vires
548 4201 746 4289 superiores:
769 4217 846 4287 ergo
869 4199 1112 4269 subministrant
1134 4204 1165 4268 et
1188 4199 1373 4269 deserviunt
1395 4200 1625 4290 superioribus
1649 4200 1731 4271 Cum
1747 4202 1809 4292 igi-

304 4330 359 4391 tur
382 4319 562 4389 intellectus
584 4316 703 4405 ligetur
724 4323 855 4405 propter
878 4315 1078 4384 infirmitates
1100 4322 1132 4384 et
1155 4315 1396 4404 ineptitudinem
1431 4334 1648 4404 organorum,
1681 4318 1809 4406 quibus

301 4448 394 4509 actus
420 4436 538 4507 virium
561 4434 748 4503 inferiorum
772 4432 1009 4521 impediuntur,
1033 4431 1076 4499 ita
1098 4432 1184 4521 quod
1208 4450 1270 4500 non
1294 4439 1397 4520 potest
1419 4450 1454 4501 se
1476 4432 1528 4502 rei
1562 4432 1692 4503 habitus
1726 4450 1810 4504 suos

302 4555 499 4644 intelligere:
523 4569 601 4639 ergo
623 4557 714 4618 actus
737 4549 922 4618 inferiorum
939 4548 1107 4617 necessarii
1124 4547 1255 4616 suntad
1272 4546 1529 4635 intelligendum:
1546 4565 1623 4634 ergo
1638 4565 1697 4636 per
1712 4557 1810 4618 actus

300 4670 461 4759 cognoscit
484 4687 518 4738 se
542 4676 575 4737 et
597 4666 726 4735 habitus
750 4665 781 4734 in
805 4683 840 4734 se
863 4664 1045 4734 existentes.

304 4837 340 4845 -..
351 4830 622 4844 ----—-—-—--

390 4929 398 4966 ¹
419 4931 438 4983 B
457 4928 528 4982 addit
547 4926 690 4998 paconium,
711 4924 758 4978 sod
778 4924 852 4977 orarii».

388 5028 400 5065 ⁹
419 5029 496 5082 Num.
516 5029 541 5080 2.
588 5084 592 5091 ¹

388 5125 400 5161 ³
418 5126 495 5179 ,tom
514 5126 541 5177 9.

390 5223 400 5258 ⁴
421 5224 440 5278 C
459 5221 663 5292 irrtpedirrntur.
