3870 6488
791 797 841 845 ru.
865 796 1034 845 cromnam.
1593 772 1657 841 li3

162 924 203 992 ael
225 940 295 991 εεεε
318 923 470 991 alicuius:
496 940 573 1009 ergo
596 938 691 990 uerae
714 921 934 1008 conceptiones
949 929 981 988 ει
998 937 1091 987 rarae
1113 919 1345 989 enuntiationes
1368 926 1452 1001 sunt,
1476 919 1573 987 rebus
1596 936 1658 985 non

163 1038 383 1108 existentibus

252 1156 282 1221 i.
308 1154 402 1236 item,
425 1154 661 1222 lomnaeniator
685 1170 782 1239 super
806 1160 936 1220 sextum
961 1152 1158 1220 Etbieorum:
1191 1152 1304 1219 «Sicut
1325 1169 1358 1217 εε
1383 1150 1477 1219 habnt
1501 1169 1554 1217 ars
1587 1150 1659 1219 ini-

166 1270 232 1338 rior
254 1268 296 1337 an
320 1269 537 1358 superiorem,
560 1274 639 1355 puta
661 1267 801 1336 eioiaiiea
828 1267 868 1335 acl
902 1267 1193 1348 architectonicam,
1229 1267 1272 1333 ita
1295 1283 1329 1335 εε
1353 1266 1449 1335 babet
1471 1284 1585 1333 sensns
1618 1265 1658 1333 ari

165 1384 403 1454 intellectum».
426 1383 486 1452 Sed
512 1384 554 1451 ita
577 1401 611 1451 εε
635 1383 731 1451 iia-bet
753 1401 808 1451 ars
830 1382 960 1450 inisrior
982 1382 1021 1449 ao
1054 1382 1270 1469 superiorem,
1304 1382 1390 1470 quon
1414 1388 1580 1469 postquam
1605 1381 1660 1446 mi-

166 1500 312 1568 nistraeit
335 1499 519 1577 materiam,
542 1516 580 1566 ea
602 1498 786 1579 deliciante,
808 1516 863 1565 ars
886 1497 1032 1584 sarporior
1054 1502 1207 1583 operatur
1229 1501 1262 1562 st
1277 1495 1414 1582 complet
1437 1514 1519 1582 opos
1543 1497 1573 1562 in
1597 1513 1661 1561 ma·

166 1616 245 1685 teria
268 1614 458 1683 ministrata:
481 1632 558 1701 ergo
581 1613 694 1681 eodem
718 1613 830 1693 modo,
854 1612 1019 1701 deficiente
1042 1630 1138 1680 sensu
1160 1618 1193 1679 et
1216 1611 1313 1679 rebus
1335 1611 1548 1693 sensibilibus,
1572 1611 1662 1678 mini

166 1732 272 1800 stratis
294 1730 462 1818 speciebus
497 1728 747 1814 intelligibilibus
762 1728 790 1809 ¹,
824 1728 940 1815 poterit
974 1728 1153 1797 intellectus
1187 1727 1272 1796 circa
1295 1726 1349 1795 iiia
1371 1726 1525 1813 negotiari
1548 1733 1580 1793 ει
1602 1744 1660 1813 por

165 1847 219 1915 ilia
243 1846 427 1935 intelligere.

253 1962 285 2031 3.
307 1961 400 2043 item,
424 1959 589 2029 inseimns
620 1959 811 2048 llorroiogio,
838 1958 977 2046 capitulo
1010 1958 1173 2045 trigesimo
1203 1957 1358 2046 quarto¹:
1403 1957 1540 2045 «Opus,
1574 1956 1659 2043 quoni

165 2078 201 2147 sit
222 2079 401 2149 secundum
424 2077 564 2165 aliquam
587 2082 701 2156 artem,
724 2094 786 2143 non
809 2075 915 2143 solum
937 2076 1066 2162 qnando
1090 2074 1142 2155 iit,
1166 2093 1280 2143 verum
1303 2075 1397 2143 etiam
1418 2080 1588 2161 antequam
1606 2073 1662 2139 bat

165 2203 197 2263 et
220 2201 388 2282 postquam
422 2192 625 2273 dissolvitur,
660 2210 787 2279 semper
822 2199 870 2261 εει
904 2192 936 2259 in
961 2192 1029 2279 ipsa
1051 2200 1120 2260 arie
1145 2210 1206 2259 non
1230 2191 1318 2259 aliud
1342 2209 1438 2279 quam
1465 2191 1533 2277 ipsa
1556 2207 1661 2270 ars»;

157 2311 222 2383 ¹seri
245 2316 385 2391 constat,
419 2309 506 2397 quoii
541 2308 655 2376 artilex
691 2308 857 2395 praevidet
889 2314 921 2375 ει
954 2308 1191 2394 praecognoscit
1213 2326 1295 2394 opns
1318 2307 1459 2375 siendum
1483 2305 1659 2374 secumlnm

167 2425 254 2493 iiiam
276 2433 401 2505 artem,
423 2424 511 2512 quod
535 2431 640 2491 tamen
663 2442 726 2491 non
749 2430 813 2492 est:
838 2442 915 2510 ergo
938 2423 1098 2509 cognoscit
1120 2441 1265 2503 noricos
1289 2441 1365 2509 ergo
1389 2430 1448 2491 etc.

253 2543 285 2610 ι.
309 2541 404 2623 item,
426 2538 584 2609 efficacior
599 2545 648 2608 εει
663 2539 801 2627 potentia
825 2539 1015 2607 intellectiva
1030 2558 1126 2626 quarn
1144 2538 1363 2626 imaginativa3
1388 2540 1441 2607 secl
1460 2536 1662 2623 imaginatira

167 2674 242 2725 rere
272 2661 375 2744 potest
408 2655 573 2741 imaginari
608 2655 694 2742 qood
729 2673 791 2722 non
815 2663 863 2723 εει
893 2672 951 2741 per
986 2654 1154 2741 imaginem
1180 2655 1225 2722 rei
1250 2655 1281 2722 in
1305 2672 1339 2722 εε
1362 2654 1561 2722 derelictam:
1585 2671 1662 2739 orgo

166 2772 269 2840 multo
290 2772 404 2840 lortius
439 2771 618 2841 intellectus
651 2789 709 2857 per
739 2771 895 2858 speeiem,
929 2789 1026 2858 quam
1050 2770 1146 2837 habet
1178 2771 1264 2857 apuli
1299 2788 1350 2850 se,
1375 2778 1479 2858 potest
1506 2788 1575 2837 rem
1599 2787 1661 2836 non

166 2888 357 2956 existentem
382 2887 566 2974 intelligere.
591 2885 752 2954 Probutio
775 2886 919 2953 minoris
941 2893 1074 2974 apparet
1096 2886 1401 2973 experimentaliter:
1430 2886 1580 2973 quoniam
1604 2903 1662 2973 per

170 3002 353 3089 imaginem,
376 3020 473 3090 quam
497 3002 583 3090 apud
607 3018 658 3069 me
682 3002 785 3069 liabeo
808 3002 988 3084 bominum,
1012 3002 1066 3089 qui
1091 3021 1152 3070 non
1177 3008 1268 3083 sunt,
1285 3020 1359 3070 rere
1383 3001 1538 3089 imaginor
1561 3020 1616 3069 eos
1631 3010 1663 3070 et

167 3118 318 3187 recordor
341 3118 494 3206 ipsorum.

257 3237 286 3302 ιι.
312 3235 406 3315 itam,
429 3233 516 3320 apud
540 3233 734 3302 intellectum
759 3239 903 3302 nostrum
927 3241 1002 3301 sunt
1025 3233 1197 3321 impressae
1221 3232 1359 3303 rationes
1383 3250 1492 3302 rcrarm
1516 3240 1663 3301 aeternae

167 3358 199 3419 ει
222 3349 512 3437 impermutabiles,
528 3350 623 3417 sicut:
640 3367 734 3417 omne
759 3356 859 3418 totum
884 3356 932 3417 εει
955 3350 1059 3419 mains
1081 3368 1140 3418 sna
1164 3356 1270 3437 parte,
1287 3356 1335 3417 et:
1353 3350 1393 3418 ale
1415 3349 1556 3437 quolibet
1581 3348 1664 3416 affir-

168 3465 265 3533 matio
287 3465 337 3535 usl
361 3464 502 3551 negati03
525 3464 580 3531 seri
605 3464 677 3533 iliae
702 3464 839 3533 rationes
861 3483 924 3532 non
948 3465 1128 3553 dependent
1154 3484 1174 3532 a
1209 3466 1321 3535 rebus:
1353 3484 1430 3552 ergo
1464 3465 1664 3533 secuntium³

169 3580 239 3649 ilias
261 3580 410 3662 rationes,
433 3580 532 3649 rebus
555 3600 617 3648 non
641 3581 863 3664 existentibus,
887 3591 990 3670 potest
1014 3582 1199 3671 intelligere.

257 3699 288 3765 b.
313 3696 406 3775 item,
429 3697 532 3765 omnis
560 3698 733 3785 propositio
766 3705 816 3767 est
850 3698 1048 3781 riocessaria,
1082 3684 1165 3787 quae
1188 3700 1383 3769 destruendo
1411 3702 1589 3769 necessario
1612 3720 1664 3787 po

168 3812 273 3881 nitur:
297 3820 329 3881 ει
350 3812 409 3881 boe
427 3813 522 3881 morio
536 3814 651 3902 probat
666 3815 878 3901 Augustinus,
895 3815 1061 3883 veritatem
1077 3834 1146 3884 εεεε
1162 3817 1355 3897 necessario,
1372 3817 1449 3904 quia
1471 3817 1664 3885 destructio⁴

168 3928 311 3995 peribitis
333 3927 422 4016 ponit
445 3928 620 3997 veritatem.
644 3929 694 3997 Sic
717 3930 859 3998 secundo
882 3930 1169 4018 Soiiloqniorum⁸z
1206 3933 1237 3999 Si
1269 3932 1387 4000 veritas
1420 3951 1480 4000 non
1515 3940 1580 4015 est,
1615 3953 1666 4002 re
1753 4014 1756 4019 ⁸

168 4061 242 4111 rum
268 4050 327 4125 est,
350 4044 515 4112 ueritatem
540 4063 602 4112 nun
626 4062 696 4114 esse
704 4070 713 4125 ;
737 4052 769 4113 ει
791 4064 884 4114 ulline
910 4064 1024 4114 rerum
1049 4047 1180 4115 veritate
1204 4066 1317 4115 rerum
1341 4056 1405 4116 est:
1435 4066 1511 4134 ergo
1535 4049 1561 4117 si
1586 4052 1665 4119 reri·

168 4166 219 4227 tas
239 4177 301 4226 non
324 4165 389 4242 est,
405 4160 524 4228 ueritas
538 4167 600 4243 εει,
624 4169 655 4230 ει
678 4161 750 4229 itieo
773 4180 901 4231 necesse
925 4168 989 4245 εει,
1015 4164 1177 4231 veritatem
1202 4181 1281 4232 esse.
1307 4165 1350 4231 lm
1373 4184 1474 4252 arguo
1497 4166 1529 4232 in
1553 4185 1665 4254 propo

167 4274 244 4343 sito:
266 4274 294 4343 si
317 4292 448 4345 nonens
471 4295 532 4343 non
548 4283 597 4345 εει
612 4277 825 4364 intelligibile,
841 4296 972 4346 nonens
988 4298 1049 4346 non
1065 4297 1136 4347 esse
1160 4279 1365 4367 intelligibile,
1389 4281 1584 4365 intelligibile
1598 4293 1664 4363 est;
1695 4256 1700 4265 ⁸

167 4390 246 4479 qnia
268 4390 328 4459 boc
351 4409 465 4460 verram
488 4400 553 4473 εει,
576 4400 608 4461 ει
631 4411 724 4462 ειεεε
746 4412 860 4463 verum
886 4394 1096 4481 intelligibile:
1120 4413 1197 4483 ergo
1220 4396 1279 4465 ista
1301 4397 1475 4484 propositio
1497 4405 1546 4466 εει
1561 4416 1665 4467 neces

167 4506 272 4589 saria,
294 4524 425 4576 noncns
447 4525 518 4576 εεεε
540 4508 745 4595 intelligibile.

260 4625 291 4690 7.
313 4622 409 4706 item,
432 4625 609 4693 mcunaium
634 4625 884 4715 ΡιείιοεερΙεεῐε6
907 4646 1019 4697 verum
1045 4646 1079 4697 εε
1101 4622 1246 4699 extendit
1268 4631 1308 4697 ad
1332 4648 1389 4698 ens
1409 4637 1440 4698 ει
1460 4630 1501 4699 ari
1524 4649 1664 4701 noncns

261 4908 271 4945 ¹
290 4909 417 4977 intellige:
436 4916 577 4979 postquam
595 4925 689 4965 sensus
707 4918 733 4965 et
751 4927 793 4967 res
811 4912 949 4967 sensibiles
967 4916 1181 4969 ministraremnt
1199 4918 1301 4983 speeies
1325 4917 1461 4971 sensibiles
1488 4925 1514 4972 et
1532 4931 1580 4985 per
1598 4919 1667 4973 intel·

169 5006 268 5061 luctum
286 5007 367 5061 incius
384 5014 444 5063 netu
463 5008 645 5076 intelligibiles,
664 5010 807 5064 intellectos
825 5016 912 5078 potest
929 5013 997 5065 ciem
1018 5013 1074 5067 ilias
1092 5016 1193 5080 speses
1219 5028 1266 5067 seu
1290 5028 1347 5081 res,
1375 5022 1504 5083 qnatenus
1529 5016 1668 5083 speeielms
1723 4994 1726 4999 ¹

169 5111 400 5171 repraesentantur
419 5104 495 5159 nobis
513 5111 539 5159 et
556 5114 617 5161 sunt
635 5109 661 5160 in
681 5107 771 5175 nobis,
791 5110 917 5175 negotiari
936 5115 962 5162 ει
980 5125 1023 5163 res
1042 5112 1113 5177 ipsas
1135 5113 1292 5179 intelligere,
1321 5114 1379 5165 lieet
1404 5120 1431 5165 et
1457 5127 1550 5165 sensns
1576 5125 1602 5166 et
1625 5129 1668 5167 ees

169 5201 308 5255 sensibiles
325 5204 378 5256 inm
395 5203 545 5259 deiecerlnt
563 5231 600 5244 -
619 5204 716 5257 Trxtus
734 5203 951 5259 Connmontoturis
970 5207 1113 5274 (rivenrois)
1133 5214 1172 5261 est
1190 5209 1238 5261 loc.
1252 5210 1293 5261 eit
1313 5223 1335 5262 e.
1354 5209 1379 5263 7.
1398 5209 1432 5263 do
1450 5210 1590 5277 Sapientia.

260 5298 318 5353 ⁸in
336 5302 388 5355 boc
404 5306 475 5355 textu
493 5300 574 5356 editio
592 5303 655 5369 legit
671 5305 697 5357 ει
715 5316 765 5370 pro
783 5302 879 5370 etum,
899 5310 925 5358 et
943 5306 969 5357 in
988 5304 1057 5359 ssne:
1077 5320 1161 5376 quom
1179 5305 1252 5377 qrtoii
1268 5310 1308 5362 est
1324 5320 1374 5362 ors
1391 5306 1459 5378 ipsu.

167 5438 171 5444 .
260 5394 274 5434 ²
291 5398 312 5451 ll
327 5412 385 5469 per.

260 5492 273 5531 ⁴
291 5496 312 5549 li
328 5494 466 5553 dmirucia
484 5496 610 5565 eeriiuie,
630 5505 657 5552 ει
675 5498 755 5566 punio
772 5504 832 5553 ante
850 5502 945 5555 omittit
961 5499 1050 5557 modu.

260 5592 354 5661 emp.
373 5596 399 5649 ι.
417 5608 443 5649 u.
462 5596 488 5649 2.
507 5594 560 5650 cn.
579 5595 614 5649 ibi
633 5596 651 5650 i.
669 5610 693 5650 c.
713 5597 756 5650 te.
775 5612 800 5650 n.
820 5599 863 5651 ιιι.
882 5613 938 5668 seq.

259 5690 450 5747 ‘remmom
468 5707 527 5762 cup.
547 5692 580 5748 rie
597 5691 757 5750 Substantia
774 5697 800 5748 in
819 5696 884 5763 ilne;
904 5698 950 5752 cir.
969 5698 1010 5752 iV.
1031 5698 1142 5767 iietnpb.
1160 5704 1221 5753 terr.
1244 5701 1284 5753 ib.
1303 5714 1378 5769 seqq.
1398 5700 1446 5763 (iii.
1466 5713 1488 5754 ε.
1509 5698 1554 5768 i).

281 5812 311 5858 lle
324 5812 428 5859 immae
441 5815 565 5871 opilionis
578 5816 669 5861 rarione.
1548 5823 1562 5867 il
