3870 6488
213 343 278 411 111
784 358 934 417 οιρερτιο
956 358 1128 407 nrsrrrnrn

212 484 332 563 tissime
355 491 403 552 est
426 483 506 551 lituu
530 482 615 571 quod
639 482 831 551 describitur
854 482 885 550 in
910 482 1121 550 instrumento
1137 500 1268 564 sensus,
1291 488 1323 551 et
1347 482 1425 552 illud
1442 481 1708 570 apprehendit»;

211 617 288 686 ergo
310 619 330 666 a
353 598 446 666 simili
472 599 514 666 ita
537 605 585 665 est
608 598 639 664 in
664 598 842 677 intellectn3
866 598 921 665 sed
940 597 1056 665 veritas
1071 605 1200 665 aelerna
1223 617 1285 666 non
1310 606 1357 668 est
1381 598 1522 686 primum
1546 598 1709 685 cognitum

211 715 251 782 ab
274 713 437 783 intellectu
459 722 582 793 creato,
606 713 695 800 qrria,
718 714 800 782 sicut
823 713 939 782 dicitur
955 714 996 781 ad
1020 714 1176 782 Romanos
1192 714 1297 801 primo
1311 715 1338 781 ¹:
1365 713 1552 782 lia-uisabiliu
1576 714 1638 781 Dct‘
1649 733 1711 801 per

211 850 250 898 au
273 850 358 919 quoe
381 828 477 916 furto
499 838 578 896 aurat
600 828 760 896 tumberto
783 829 1053 916 conspicientur:
1077 846 1154 916 ergo
1182 830 1300 898 veritas
1322 834 1533 898 aetermam
1557 835 1606 898 est
1629 829 1712 896 ratio

211 946 418 1033 cognoscendi
445 945 615 1013 intellectui
641 953 747 1014 creato
770 945 968 1012 naturaliter.

301 1064 330 1129 6.
356 1062 450 1141 item,
475 1061 653 1128 intellectus
677 1068 803 1128 oreatus
827 1064 888 1128 uon
911 1068 1014 1147 potest
1036 1060 1131 1129 simul
1156 1061 1333 1149 intelligere
1355 1062 1467 1149 plura,
1491 1068 1527 1129 ut
1543 1066 1631 1148 patet
1652 1079 1713 1148 gaer

211 1176 436 1263 Philosophum
461 1176 493 1243 in
517 1175 682 1263 Topicis¹:
708 1194 784 1262 ergo
807 1195 869 1243 non
890 1184 993 1262 potest
1015 1177 1110 1244 simul
1135 1177 1312 1264 inlelligere
1334 1178 1516 1245 Creatorem
1534 1185 1566 1245 ct
1588 1184 1714 1271 creatu·

212 1311 291 1360 ram.
315 1292 375 1359 Sed
400 1291 425 1359 si
458 1291 646 1359 naturaliter
670 1290 859 1378 intelligeret
890 1310 1002 1358 nerum
1035 1299 1178 1359 creatum
1210 1293 1240 1359 in
1272 1300 1402 1360 aeterna
1433 1293 1582 1373 raritate,
1615 1292 1713 1360 simul

214 1409 402 1494 intelligeret
425 1409 613 1476 naturaliter
636 1417 815 1476 creaturam
841 1415 872 1475 et
895 1408 1092 1475 Creatorem:
1117 1426 1194 1495 ergo
1222 1407 1401 1477 intellectus
1423 1414 1550 1478 creatus
1572 1426 1636 1476 non
1660 1427 1715 1496 po

212 1529 273 1592 test
296 1523 469 1610 intelligere
493 1522 681 1591 naturaliter
705 1541 817 1590 rerum
841 1531 984 1591 creatum
1010 1523 1039 1590 in
1063 1530 1193 1590 aeterna
1213 1524 1354 1592 ueritate.

302 1645 331 1708 7.
357 1642 450 1722 item,
484 1641 509 1708 si
535 1640 713 1708 intellectus
747 1646 873 1707 creatus
909 1640 1097 1707 naturaliter
1132 1641 1321 1727 intelligeret
1355 1658 1469 1708 rerum
1503 1647 1646 1709 creatum
1681 1638 1713 1706 in

212 1765 342 1825 aeterna
363 1757 510 1837 recitate,
537 1763 665 1824 aeterna
681 1756 799 1824 ueritas
815 1773 877 1821 nnn
894 1763 1000 1841 posset
1024 1755 1160 1840 ignorari
1177 1773 1246 1824 esse
1270 1756 1311 1823 ab
1327 1755 1488 1824 intellectu
1508 1763 1632 1836 creato;
1655 1754 1712 1822 seu

213 1872 273 1939 boc
296 1880 344 1939 est
367 1871 503 1952 lalsunr;
527 1869 681 1957 scriptum
705 1875 753 1938 est
775 1870 860 1939 enim
884 1871 915 1936 in
942 1870 1063 1937 Psalmo
1077 1869 1105 1936 ¹:
1139 1870 1232 1938 llicit
1255 1870 1415 1957 iucipiens
1447 1871 1482 1938 in
1505 1871 1606 1937 cordo
1628 1890 1714 1937 suo:

213 2008 279 2055 nora
301 1996 348 2055 eet
373 1988 477 2054 Deua:
501 2004 578 2074 ergo
601 1986 778 2054 intellectus
801 1993 928 2054 creatus
958 1967 1020 2053 non
1044 1986 1189 2072 intelligit
1213 1987 1400 2054 naturaliter
1429 2003 1542 2056 rerum
1566 1993 1714 2054 creatum

214 2105 245 2171 in
269 2112 397 2172 aeterna
421 2103 562 2171 venitote.

302 2222 333 2287 8.
357 2221 448 2300 imm,
472 2218 608 2286 nobilior
630 2218 769 2304 potentia
804 2217 949 2285 nobiliori
986 2218 1080 2286 modo
1103 2218 1203 2287 tendit
1238 2217 1269 2285 in
1294 2235 1389 2287 suum
1423 2217 1604 2287 obiectum:
1633 2234 1715 2303 ergo

212 2355 285 2405 cum
310 2334 487 2403 intellectus
511 2335 550 2403 sit
573 2334 709 2402 nobilior
733 2335 870 2421 nolentia
893 2351 990 2421 qurum
1015 2334 1120 2415 uisus,
1144 2333 1289 2419 nobiliori
1315 2334 1409 2401 morlo
1433 2339 1535 2421 potest
1558 2333 1590 2400 in
1614 2349 1714 2399 suum

213 2453 394 2530 obiectum;
417 2450 473 2518 scil
497 2449 585 2517 visus
607 2456 710 2535 oritest
733 2448 896 2536 [terlocte⁴
921 2448 952 2515 in
976 2466 1072 2515 surim
1100 2456 1206 2516 aetum
1242 2449 1310 2516 sine
1341 2448 1449 2535 aliqua
1479 2447 1606 2535 speciali
1643 2446 1717 2515 illu-

214 2568 363 2635 stratione
387 2566 506 2634 divina:
532 2584 608 2651 ergo
634 2565 734 2632 multo
757 2566 870 2632 lortius
895 2564 1074 2632 intellectus
1097 2571 1223 2633 creatus
1247 2565 1384 2651 perferte
1409 2571 1512 2650 potest
1537 2565 1566 2631 in
1602 2571 1713 2631 actum

213 2702 308 2751 suruu
332 2682 398 2750 sine
421 2681 528 2769 aliquo
551 2681 677 2768 speciali
704 2681 914 2749 illustratione
937 2680 1064 2748 divina:
1089 2681 1227 2768 perfecte
1250 2698 1327 2767 ergo
1350 2680 1446 2748 babet
1468 2687 1576 2749 actum
1599 2680 1717 2747 intelli·

215 2800 307 2886 gentil
332 2799 452 2885 absque
477 2798 550 2876 boc,
572 2797 658 2884 quod
693 2797 844 2882 intelligat
867 2798 897 2864 in
922 2797 1055 2865 ueritate
1077 2803 1218 2864 aeterna:
1243 2815 1319 2882 ergo
1347 2796 1465 2864 ueritas
1492 2805 1622 2864 aelerna
1650 2814 1716 2863 non

215 2915 390 3002 requiritur
413 2912 453 2980 ad
488 2920 593 2980 aetram
629 2911 823 2998 intelligendi
847 2912 1050 2999 simpliciter,
1074 2930 1177 3000 neque
1211 2912 1252 2979 ad
1287 2919 1394 2980 actruu
1426 2910 1620 2998 intelligendi
1646 2930 1719 2998 per

216 3030 348 3109 lectum;
371 3047 447 3117 ergo
470 3028 560 3097 nullo
583 3028 687 3097 modo.
1267 3086 1270 3097 .

305 3147 335 3213 9.
361 3146 454 3226 item,
477 3144 503 3213 si
528 3144 707 3212 intellectus
731 3151 857 3211 creatus
881 3144 1069 3232 intelligeret
1092 3142 1282 3212 naturaliter
1305 3160 1417 3212 verram
1442 3150 1583 3212 creatum
1609 3143 1642 3212 in
1667 3162 1722 3212 ae-

216 3270 306 3329 terna
331 3260 477 3340 veritate,
499 3268 556 3328 aut
579 3260 638 3327 boc
661 3266 744 3327 esset
763 3257 923 3346 perseum
946 3267 1002 3326 aut
1025 3257 1227 3346 irnpersocte:
1250 3257 1392 3346 pellecta
1414 3278 1487 3341 non,
1507 3260 1582 3349 quia
1602 3278 1721 3346 cogno

219 3395 307 3445 suern
330 3376 467 3464 perlecto
492 3376 524 3442 in
548 3383 676 3442 aeterua
699 3376 830 3456 veritate
855 3394 917 3442 non
940 3376 1077 3461 pertinet
1099 3375 1158 3441 nisi
1182 3375 1222 3442 ati
1249 3376 1442 3444 intellectum
1470 3376 1616 3458 beatum3
1649 3394 1713 3444 nec

216 3495 309 3561 etiam
335 3491 493 3579 loquenrlo
517 3490 557 3557 de
581 3490 756 3587 cognitione
781 3488 1164 3578 imper·soeto,qr1iasic
1189 3509 1301 3559 uerum
1324 3498 1467 3559 creatum
1491 3500 1539 3559 cst
1563 3492 1644 3558 ratio
1664 3510 1718 3559 co-

215 3610 383 3696 gnoscendi
414 3608 577 3676 veritatem
602 3607 890 3694 aeternan13qrrorl
915 3607 1070 3693 probari⁶
1095 3614 1198 3695 potest
1221 3627 1279 3695 per
1308 3607 1393 3675 illam
1421 3607 1641 3676 auctoritatem
1673 3608 1719 3675 ad

217 3727 371 3793 Romanos
394 3726 512 3810 primo,
536 3723 685 3809 suipertus
708 3723 893 3808 allegatam:
917 3741 994 3809 ergo
1017 3723 1084 3790 sive
1108 3723 1279 3810 loquamur
1301 3722 1341 3791 de
1365 3722 1540 3808 cognitione
1563 3723 1721 3809 perlecta,

217 3842 284 3909 sive
309 3841 509 3928 imperfecta,
531 3838 668 3925 angelus
692 3838 741 3905 rel
766 3838 862 3907 lnomo
885 3857 946 3906 non
971 3845 1104 3927 possunt
1126 3838 1247 3926 aliquid
1272 3836 1461 3906 naturaliter
1483 3836 1660 3922 intelligere
1686 3839 1720 3907 in

218 3957 348 4025 ueritate
372 3964 509 4025 aeterna.

529 4069 584 4138 Art
606 4069 792 4157 oppositum
815 4089 925 4158 corgam
945 4070 1058 4156 primo
1078 4089 1139 4157 pet·
1162 4069 1402 4137 caletoritotcs:

309 4189 335 4253 1.
360 4185 553 4272 brigustinus
576 4185 764 4253 driotleoimo
788 4185 1058 4265 Conbssionnm‘,
1083 4186 1136 4270 riui
1169 4185 1245 4252 (licit
1276 4186 1336 4253 sic:
1354 4210 1373 4261 n
1388 4185 1418 4251 Si
1442 4184 1537 4252 ambo
1569 4183 1725 4256 videmus

218 4320 331 4372 nerium
354 4321 424 4371 esse
447 4302 532 4390 quoti
556 4303 650 4383 uiris,
675 4302 728 4368 ubi
752 4320 871 4389 quiaeso
897 4301 974 4369 illut
1001 4301 1167 4370 uillemusl
1191 4301 1251 4369 Nec
1274 4319 1333 4386 ego
1355 4301 1466 4389 utique
1489 4300 1519 4367 in
1538 4307 1582 4379 te,
1599 4320 1660 4369 nec
1687 4309 1725 4372 tu

218 4423 248 4490 in
275 4440 339 4503 me,
364 4421 419 4489 secl
443 4420 538 4488 ambo
559 4418 596 4487 ‘in
621 4421 689 4506 ipsa
712 4437 794 4506 quiae
830 4437 928 4505 supra
963 4425 1084 4487 mentes
1108 4424 1233 4485 nostras
1259 4425 1306 4485 est
1348 4416 1596 4485 incommutabili
1636 4421 1723 4487 reri·

308 4738 316 4773 ¹
337 4739 411 4792 l'ors.
431 4739 473 4793 20.
495 4738 623 4804 Volgum:
644 4735 782 4791 inuisibilia
802 4734 872 4790 roim
892 4732 985 4806 ipsius,
1006 4748 1024 4790 u
1042 4737 1171 4791 creatura
1189 4733 1287 4790 uorandi
1303 4749 1351 4802 per
1369 4750 1398 4788 ea
1417 4740 1466 4789 etr.

306 4836 405 4891 ²ler.
427 4837 453 4890 11.
473 4852 495 4890 o.
516 4835 540 4888 l.
561 4838 594 4903 (c.
617 4837 676 4904 lc).

307 4933 319 4971 ³
338 4936 429 4988 tinum.
452 4935 497 5002 13,
520 4934 541 4986 1.
561 4962 596 4974 -
615 4934 641 4986 tn
660 4934 711 4987 linc
731 4936 750 4985 ll
769 4935 864 4987 omittit
880 4931 909 4987 in
929 4938 988 4986 onte
1006 4935 1116 4987 oderam
1135 4932 1254 4987 armature.

307 5032 319 5068 ⁴
338 5036 358 5086 Α
378 5047 518 5100 garumnam
534 5032 672 5103 perficere.

308 5132 320 5168 ⁵
338 5134 358 5184 Α
378 5131 495 5197 adiungit
513 5133 545 5185 el.

307 5229 400 5302 ‘Corn
421 5229 462 5283 25.
482 5244 506 5282 u.
527 5228 568 5281 35.
