3870 6488
295 363 354 429 118
779 379 929 438 antts'rlo
953 378 1125 427 DlSPI'TATA
1149 378 1293 426 SECUNDA

375 505 434 573 lsle
458 505 573 572 mosius
595 510 643 572 est
665 500 904 590 pllilosopllieus
925 507 957 569 et
980 519 1158 586 congruus,
1181 520 1243 567 non
1268 508 1372 568 tumen
1397 506 1490 586 puto,
1515 499 1600 586 qixorl
1633 497 1783 578 stnffleiat,

286 628 318 689 et
341 621 482 689 fortassis
505 620 557 689 bie
579 619 731 689 bestoiunt
766 617 920 706 principie
954 617 1173 705 philosophiae
1187 617 1208 698 ¹,
1230 625 1262 685 et
1290 616 1523 684 recurrentium
1558 615 1599 682 nd
1628 615 1786 702 prinripio

288 735 471 821 theologice.
497 736 532 802 El
555 734 615 802 boo
638 740 769 821 apparet
793 733 847 802 sio.
1418 740 1428 759 ·

376 851 406 917 Si
430 850 514 918 enim
537 849 616 917 nihil
639 848 788 917 olitiritur
811 847 984 917 intellectui
1008 847 1068 915 nisi
1092 864 1232 928 oeneus,
1258 848 1307 915 vel
1331 845 1462 934 speeies,
1486 845 1536 913 vel
1568 845 1686 934 aliquis
1715 862 1787 913 oon-

286 974 418 1054 reptos,
444 974 517 1033 tune
541 965 717 1051 intelligere
739 970 822 1033 esset
845 963 973 1031 omnino
998 981 1133 1046 renutu,
1157 964 1239 1031 sicut
1261 963 1401 1032 ridetur.

381 1085 532 1161 Rursus,
556 1099 629 1150 euin
655 1080 795 1166 intelligo
818 1080 971 1148 rationein
996 1080 1133 1147 bominis
1156 1079 1385 1160 definitivam',
1409 1080 1459 1147 rel
1483 1079 1717 1165 cuiuscumque
1741 1076 1787 1145 rei

288 1199 433 1266 habentis
455 1197 682 1285 qlridllitntem,
707 1216 768 1264 non
794 1196 933 1282 intelligo
954 1193 1050 1275 reillil,
1074 1212 1133 1264 nee
1156 1195 1297 1283 intelligo
1320 1215 1377 1262 eus
1403 1196 1438 1261 iu
1460 1194 1618 1281 potentio,
1649 1213 1707 1262 uer.
1743 1193 1788 1260 in·

288 1315 394 1401 telligo
417 1320 539 1381 tuntum
563 1312 685 1400 aliquid
707 1310 979 1399 apprehensibile,
1002 1311 1059 1379 seli
1091 1310 1232 1397 intelligo
1254 1330 1369 1377 oerum
1401 1309 1638 1388 neceesarium,
1659 1327 1787 1408 wrerum

288 1427 559 1510 inoomntutebile,
583 1446 696 1495 verum
720 1434 895 1496 oeternum.
920 1427 1069 1507 Nom,.ut
1092 1426 1168 1494 dioil
1184 1426 1377 1513 Augustinus
1392 1427 1433 1495 lle
1460 1425 1698 1493 lmmortelitote
1721 1423 1789 1491 arni-

289 1545 390 1626 mne³‚
415 1544 494 1611 nillil
517 1543 598 1611 adeo
619 1551 785 1612 oeternum
809 1550 856 1610 est
880 1543 961 1610 siout
985 1543 1065 1610 ratio
1095 1542 1228 1623 eirouli3
1255 1551 1287 1610 et
1320 1542 1461 1611 seeundo
1494 1542 1536 1610 de
1570 1540 1682 1609 Libero
1704 1541 1790 1608 arbi-

290 1659 366 1727 trio:
392 1660 585 1747 «bilinguem
610 1678 670 1726 non
695 1658 769 1739 brit,
793 1677 955 1746 nunqnam
972 1678 1034 1725 non
1051 1658 1129 1738 erit,
1152 1658 1208 1727 seb
1225 1675 1352 1744 semper
1375 1656 1448 1739 luit,
1464 1675 1592 1744 semper
1607 1657 1682 1735 erit,
1698 1656 1788 1744 quod

289 1782 409 1861 septem
432 1783 464 1842 et
488 1775 549 1843 tria
572 1774 681 1843 decem
706 1782 822 1842 suntn.
841 1775 877 1841 Et
894 1774 1103 1861 l’bilosoplius
1125 1782 1217 1842 sexto
1231 1752 1542 1853 utntcornrntblott,
1558 1773 1644 1861 quod
1662 1798 1679 1833 o
1691 1773 1792 1840 soien-

288 1889 331 1956 tio
353 1908 416 1956 non
439 1896 487 1958 est
509 1889 569 1956 nisi
594 1889 634 1958 de
658 1889 843 1958 necessitate
864 1889 992 1957 entibus
1015 1896 1130 1957 elnon
1155 1888 1410 1976 contingentibus
1432 1890 1525 1958 aliter
1548 1907 1583 1958 se
1606 1888 1727 1957 latero
1753 1896 1789 1957 el

289 2004 469 2072 oeternis».
494 2004 625 2073 Necesse
648 2011 696 2073 est
719 2005 816 2090 igitur
839 2003 965 2071 mulleri
984 2004 1015 2071 in
1031 2004 1155 2091 aliquo:
1179 2024 1246 2071 ooo
1270 2005 1306 2071 iu
1320 2004 1438 2084 reboo,
1455 2006 1615 2092 quoniam,
1636 2005 1789 2073 omnibus

289 2119 522 2188 intereuntibus
533 2121 554 2200 ⁵,
570 2129 698 2186 rnanont
723 2120 800 2187 istae
817 2120 983 2201 veritates,
999 2126 1031 2187 et
1047 2119 1135 2187 nulla
1151 2138 1186 2187 re
1202 2119 1368 2198 existente,
1384 2120 1445 2187 iste
1461 2138 1538 2189 vere
1553 2129 1628 2188 sunt
1639 2157 1684 2169 —
1697 2120 1790 2187 nullo

287 2237 371 2303 enim
395 2235 523 2302 bomine
546 2218 716 2315 existente,
742 2253 852 2302 rerum
876 2240 938 2317 est,
961 2235 1047 2321 quoti
1073 2236 1167 2302 bomo
1190 2241 1238 2304 est
1261 2235 1378 2303 animal
1402 2235 1572 2316 rationale,
1595 2235 1789 2303 mortale-

287 2370 345 2417 oee
369 2350 405 2416 iu
427 2348 588 2417 intellectu
611 2358 738 2429 ereoto,
762 2350 837 2438 quio
862 2351 1039 2418 intellectus
1062 2351 1166 2419 omnis
1191 2351 1353 2419 mutabilis
1375 2359 1439 2432 est,
1461 2358 1494 2419 et
1509 2350 1599 2418 nullo
1623 2351 1787 2420 intelleotu

287 2472 394 2534 creato
428 2465 601 2547 existente,
635 2466 741 2535 adhue
766 2467 825 2534 isto
848 2486 924 2536 vere
947 2474 1038 2534 sunt:
1073 2486 1150 2554 ergo
1173 2486 1234 2534 non
1259 2467 1318 2536 nisi
1343 2468 1380 2534 iu
1408 2476 1542 2537 aeterno
1575 2466 1787 2555 eeeeplori,

287 2581 342 2650 ubi
366 2599 476 2649 rerum
501 2581 701 2649 mritibilium
727 2582 941 2651 itnmumbiles
963 2590 1091 2651 manent
1112 2583 1265 2670 origines,
1289 2590 1320 2652 et
1344 2602 1453 2652 rerum
1471 2584 1704 2653 transeuntium
1722 2602 1788 2653 noo

288 2704 453 2766 transeunt
476 2698 627 2779 rationes,
652 2706 688 2767 ut
710 2699 787 2768 bien
809 2700 1004 2786 Augustinus
1028 2700 1059 2773 in
1084 2699 1187 2787 primo
1211 2699 1293 2768 libro
1316 2700 1585 2769 contessionnnt

382 2814 544 2894 Ulterius,
568 2816 687 2884 veritos
709 2824 815 2884 orente
839 2836 900 2883 non
924 2824 972 2885 est
994 2815 1081 2884 eliutl
1106 2816 1166 2884 nisi
1189 2816 1346 2904 quaedam
1378 2817 1544 2904 expressio
1574 2816 1718 2887 tentetis
1743 2819 1790 2886 in

288 2938 425 3012 creatum
448 2937 479 2998 et
503 2932 755 3019 unumquodque
779 2933 809 2999 ln
834 2939 956 3000 tantum
981 2950 1094 3000 rerum
1118 2939 1187 3014 est,
1211 2933 1242 2999 in
1267 2939 1423 3020 quantum
1441 2933 1521 3002 illud
1536 2932 1705 3021 exemplar
1721 2935 1789 3003 imi

290 3053 385 3114 tetur.
409 3047 439 3113 Si
464 3046 561 3133 igitur
584 3047 642 3115 istu
679 3066 755 3116 vere
786 3049 996 3116 irnmuuoilta
1020 3067 1082 3116 non
1113 3056 1246 3135 possunt
1270 3049 1411 3135 intelligi,
1436 3048 1496 3117 nisi
1522 3050 1576 3117 ubi
1600 3058 1694 3131 sont,
1729 3069 1788 3120 nee

289 3169 364 3228 sunt
387 3162 596 3230 irnrnutnbilin
619 3162 678 3231 nisi
703 3164 735 3230 in
758 3171 839 3231 erle:
864 3183 941 3250 ergo
964 3182 1091 3233 neeesse
1113 3171 1175 3245 est,
1198 3165 1285 3251 qnod
1309 3164 1527 3250 intelligantur
1551 3165 1581 3232 in
1604 3172 1684 3234 orte.

378 3277 555 3364 Amplior,
580 3278 606 3346 si
629 3279 747 3347 veritos
770 3281 815 3348 rei
840 3300 901 3347 nrm
924 3289 974 3348 est
996 3280 1055 3348 nisi
1079 3281 1245 3366 expressio
1268 3286 1299 3348 et
1317 3281 1449 3347 imitotio
1465 3281 1622 3368 quaedam
1638 3289 1790 3351 aeternae

287 3392 375 3475 artis,
398 3401 429 3462 et
452 3394 538 3462 illius
553 3394 694 3463 ueritatis
712 3396 922 3483 exprimentis
939 3397 1078 3484 primum
1103 3397 1270 3483 exemplar
1293 3397 1469 3465 similitudo
1491 3404 1540 3465 est
1563 3397 1594 3464 in
1618 3404 1729 3467 nostro
1743 3398 1791 3465 in-

288 3511 433 3591 tellerto,
458 3511 652 3598 impossibile
674 3513 834 3599 estquod
852 3512 1023 3599 intelligam
1048 3530 1123 3581 rere
1146 3520 1177 3581 et
1193 3513 1457 3581 certitudinoliter
1471 3514 1611 3602 aliquem
1628 3532 1707 3595 rem,
1727 3515 1790 3583 nisi

290 3645 349 3713 per
375 3626 617 3714 applicationem
641 3627 876 3714 quodammodo
899 3635 930 3696 et
952 3628 1139 3695 relationem
1162 3629 1203 3696 ed
1230 3630 1397 3716 exemplar
1423 3637 1600 3699 aeternum.
1615 3630 1695 3697 Cum
1710 3646 1792 3716 ergo

260 3728 428 3829 iintelligo
450 3742 586 3811 elietrius
610 3743 653 3811 rei
677 3742 887 3829 qniuulelen
911 3749 942 3810 et
966 3761 1057 3811 soum
1081 3743 1236 3811 rationem
1261 3743 1478 3826 definitivam,
1505 3743 1665 3813 onieolnrn
1699 3744 1793 3813 inlel-

264 3828 389 3955 {lentus
414 3877 473 3924 non
497 3864 545 3925 est
569 3858 636 3945 ipse
661 3859 774 3926 mentis
798 3868 972 3945 eoureptus
996 3866 1138 3936 teritum,
1163 3878 1220 3927 nee
1244 3858 1313 3946 ipsa
1335 3856 1507 3948 qreirlrlitos
1537 3868 1680 3940 mimum,
1703 3880 1793 3949 quae

267 3966 351 4037 ‘non
375 3979 423 4039 est
446 3972 476 4039 in
501 3991 611 4039 rerum
636 3979 772 4054 mttere,
796 3991 854 4041 nee
877 3973 1046 4060 ereurplor
1069 3983 1243 4040 aeteruum
1265 3981 1313 4042 est
1336 3974 1496 4043 obiectum
1511 3974 1665 4065 gelietooe
1682 3984 1793 4045 elter-

268 4064 440 4167 ieueiroos,
464 4088 540 4175 oilie
563 4090 622 4157 lino
646 4095 694 4156 est
717 4089 820 4156 solum
845 4089 1005 4157 obiectum
1039 4090 1218 4158 intellectus
1251 4090 1332 4158 beuti
1357 4097 1389 4158 et
1423 4091 1619 4173 beatificans
1646 4091 1703 4160 sed
1738 4100 1792 4160 est

263 4202 460 4299 lqreirlrlitos
483 4203 558 4290 ipso
581 4214 735 4291 concepto
758 4205 801 4272 ob
825 4205 988 4272 intellecto
1010 4215 1136 4286 teristro,
1152 4206 1262 4274 reloto
1287 4215 1397 4273 toulon
1412 4207 1459 4274 orl
1473 4216 1581 4275 erlem
1597 4207 1665 4276 sire
1678 4224 1794 4276 exem-

268 4320 359 4407 'plzu
382 4327 566 4400 oeternum,
591 4318 621 4386 in
645 4328 812 4407 qluullutn,
836 4328 968 4408 tangens
992 4330 1130 4390 utentem
1155 4330 1305 4404 nostrum,
1328 4341 1363 4391 so
1395 4322 1492 4391 trebel
1520 4323 1551 4390 in
1576 4322 1698 4391 ratione
1722 4343 1794 4391 uio

378 4579 387 4615 ¹
409 4582 426 4632 ll
442 4578 635 4649 pbilosopbieo.
654 4608 691 4620 -
710 4580 802 4647 Quond
821 4595 878 4634 rem
898 4581 943 4634 rlr.
963 4581 1036 4649 qnod
1057 4584 1081 4635 in
1103 4580 1295 4637 Disserloliene
1307 4597 1333 4648 p.
1348 4583 1427 4634 tout
1439 4595 1471 4633 ex
1484 4580 1511 4632 Ρ.
1524 4580 1616 4647 lrptdl
1632 4578 1662 4633 0.
1682 4581 1709 4633 Ρ.
1723 4586 1795 4635 tron-

289 4680 450 4743 srripslmus.
554 4696 560 4705 ·

376 4775 387 4810 ²
406 4776 427 4827 l)
445 4774 590 4845 definitum.

377 4872 469 4935 teon.
494 4875 514 4925 l.
532 4900 569 4912 -
587 4874 706 4941 &septiens
724 4873 798 4926 locus
816 4881 855 4927 ost
874 4874 900 4926 ΙΙ.
920 4874 953 4926 ‹le
972 4873 1028 4927 tto.
1048 4874 1110 4928 tub.
1130 4891 1152 4928 c.
1173 4878 1197 4929 8.
1218 4890 1242 4929 n.
1263 4876 1304 4928 2l.
1325 4875 1354 4927 lit
1381 4873 1450 4939 ullbl,
1476 4879 1504 4927 ot
1521 4874 1563 4927 tl'.
1590 4888 1672 4942 stupet·
1693 4876 1791 4931 Grues.

289 4986 311 5024 c.
330 4971 355 5023 7.
376 4985 391 5023 n
424 4972 471 5037 13;
491 4972 517 5023 ΙΙ.
538 4971 644 5039 Soliloq.
664 4985 687 5023 r.
711 4971 749 5023 ll.
771 4986 795 5023 u.
816 4972 859 5024 21.

378 5068 388 5103 ⁴
406 5070 469 5135 Cup.
489 5071 513 5122 3.
533 5068 584 5122 Clr.
604 5084 684 5136 supro
704 5084 764 5135 png.
785 5068 829 5122 53.

377 5166 389 5201 ⁵
407 5167 427 5217 l)
447 5164 625 5221 retermttibus
644 5169 755 5221 irrueret
772 5166 836 5221 illue
845 5187 856 5234 ,·
874 5174 900 5221 et
918 5181 998 5234 stopo
1017 5170 1090 5235 porm
1109 5166 1153 5222 ille
1172 5183 1221 5235 pro
1239 5167 1295 5223 iste.

376 5262 468 5330 ⁶Cop.
488 5266 513 5317 b.
533 5279 557 5318 n.
578 5266 602 5317 9.
