3870 6488
212 378 277 447 att
790 394 941 454 ouansrro
965 394 1137 443 utsrurnra

211 521 273 589 bus
295 527 327 590 et
350 519 622 607 corruptibilibus.
646 519 708 587 lloc
731 519 801 587 dieo
824 524 954 606 propter
977 519 1055 600 lroc,
1078 517 1153 607 qnia
1175 524 1246 604 post
1270 516 1422 586 iudicium
1438 517 1565 605 aliquae
1588 516 1713 604 species

211 636 440 721 generabilium
464 641 496 704 et
519 635 775 722 corruptibilium
801 653 863 703 non
889 634 1113 715 remanebunt,
1137 634 1219 702 sicut
1241 632 1363 721 species
1386 634 1556 703 brutorum
1589 634 1712 701 anima·

212 752 301 821 lium.
325 751 406 820 lllud
430 758 552 832 tamen,
576 750 616 819 de
640 769 705 837 quc
727 758 776 818 est
797 750 927 818 scientia
949 770 990 817 ea
1012 750 1230 840 eoruequuata',
1253 749 1314 819 boc
1336 756 1384 818 est
1415 749 1594 837 singulare,
1629 750 1714 818 bene

211 873 313 953 potest
335 884 406 935 esse
429 865 609 953 generabile
632 873 664 933 et
687 865 908 952 corruptibile;
933 872 965 932 et
994 871 1099 933 tamen
1130 864 1271 932 scientio
1293 872 1341 933 est
1371 865 1412 933 de
1444 864 1497 932 illo
1531 865 1713 934 secundum

210 1002 289 1063 erse,
314 982 490 1050 secundum
506 980 592 1067 quod
610 1000 673 1048 non
695 980 845 1067 mrnpetit
867 980 927 1048 sibi
944 980 998 1047 illa
1013 980 1162 1061 mutatio;
1185 987 1309 1062 contra,
1331 980 1512 1047 mrctubile¹
1537 988 1586 1049 est
1601 999 1716 1050 secun-

211 1098 289 1166 dum
313 1116 409 1166 suum
432 1114 502 1165 esse
527 1097 612 1165 reale
635 1106 728 1165 extra
751 1098 906 1171 anirnam;
940 1096 1016 1183 quia
1049 1114 1133 1177 esse,
1168 1096 1254 1184 quod
1285 1104 1334 1165 est
1367 1096 1534 1165 essentiale
1564 1096 1643 1179 sibi,
1680 1097 1715 1163 in

211 1220 366 1300 quantum
391 1214 431 1281 de
456 1212 509 1279 illo
532 1219 579 1281 est
603 1212 751 1292 scientia,
775 1219 824 1280 est
846 1229 916 1280 esse
938 1231 1133 1298 capresaorn
1156 1211 1329 1280 intellec-tui
1353 1211 1403 1280 rel
1434 1220 1715 1301 repraesentatum

212 1350 270 1418 per
293 1329 553 1411 similitudinem,
577 1329 662 1416 quod
687 1330 815 1417 quidem
840 1348 910 1397 esso
944 1347 1073 1396 manere
1097 1336 1217 1416 potest,
1253 1336 1404 1416 corrupto
1433 1346 1493 1396 suo
1527 1347 1595 1397 osse
1631 1329 1713 1396 reali

211 1452 305 1513 extra
327 1445 476 1513 animam.
502 1446 553 1513 bct
577 1463 653 1531 ergo
669 1446 713 1513 sic
737 1446 767 1512 in
785 1463 910 1514 summa
926 1444 1100 1532 propositio
1116 1444 1329 1530 intelligenda,
1345 1463 1410 1532 qua
1424 1445 1541 1512 dicitur
1561 1444 1717 1512 scientia²

211 1580 281 1631 esse
305 1561 465 1630 derebus
490 1561 759 1641 immutabilibus,
784 1562 902 1629 scilicet
936 1561 1021 1649 quod
1052 1567 1100 1628 est
1123 1561 1163 1628 de
1197 1560 1295 1629 robus
1319 1561 1496 1629 secundum
1530 1560 1591 1629 tale
1623 1578 1716 1643 esse,

212 1678 389 1746 secunlum
411 1679 497 1765 quod
522 1696 584 1744 non
608 1678 758 1763 competit
780 1678 826 1746 cis
851 1677 905 1745 illa
929 1676 1061 1745 mulatio
1085 1677 1197 1757 realis,
1221 1695 1281 1764 qua
1309 1683 1473 1744 mutantur
1498 1676 1528 1744 in
1553 1695 1612 1744 suc
1640 1695 1716 1744 esse

213 1794 290 1862 reali
315 1800 408 1862 extra
431 1794 580 1861 animam.

301 1914 331 1977 o.
356 1909 400 1976 ld
424 1909 504 1977 illud
529 1910 614 1996 quod
637 1910 833 1995 arguebatur
858 1929 957 1992 rrono,
982 1911 1067 1998 quod
1092 1910 1169 1977 nibil
1194 1918 1297 1998 polest
1328 1909 1458 1996 intelligi
1492 1910 1553 1978 sub
1583 1909 1717 1976 certitu·

215 2026 289 2094 dine
320 2026 351 2093 in
386 2025 506 2094 lumine
541 2027 708 2103 mutabili;
743 2027 834 2108 dico,
870 2027 955 2114 quod
991 2027 1018 2094 si
1050 2026 1220 2114 loquamur
1243 2026 1283 2093 de
1318 2025 1509 2093 certitudine
1544 2025 1631 2105 riae,
1656 2023 1715 2092 ali-

211 2142 288 2228 quid
327 2142 406 2209 bene
441 2147 544 2228 potest
585 2141 715 2228 intelligi
761 2142 823 2210 sub
857 2142 1046 2211 certitudine
1088 2142 1129 2209 ab
1165 2141 1326 2210 intellectu
1368 2148 1474 2210 creato
1517 2141 1551 2208 in
1587 2141 1716 2210 lumine

212 2258 387 2339 mutrrbili,
426 2259 628 2326 extendendo
665 2259 906 2327 nrrrtabilitatem
949 2259 990 2327 ad
1032 2277 1125 2326 enine
1165 2258 1245 2326 illud
1281 2258 1368 2346 quod
1409 2257 1518 2325 virtuti
1563 2257 1719 2344 propriae

212 2373 358 2441 relictum
381 2374 527 2441 caderet³
544 2374 575 2440 iu
606 2392 765 2454 nonesse3
789 2374 897 2443 lumen
921 2382 1028 2442 autem
1052 2380 1206 2454 creatum,
1229 2392 1295 2469 quo
1319 2373 1497 2441 intellectus
1527 2380 1634 2441 noster
1660 2393 1717 2441 ua-

211 2489 356 2557 turaliter
380 2489 540 2575 intelligit,
563 2491 710 2576 qnaruris
733 2490 793 2557 sibi
817 2490 964 2558 relictum
987 2489 1116 2558 caderet
1138 2490 1170 2556 in
1195 2507 1351 2569 nonesse,
1373 2496 1477 2556 launcn
1502 2496 1717 2557 conservatur

211 2607 243 2671 in
268 2605 358 2673 nobis
381 2606 498 2673 virtute
522 2604 653 2673 luminis
676 2605 815 2674 increati.
842 2606 875 2673 Et
906 2607 948 2673 ita
978 2624 1036 2693 per
1059 2606 1141 2674 illud
1165 2606 1273 2673 lumen
1296 2623 1468 2692 possumus
1501 2604 1623 2691 aliquid
1648 2606 1716 2673 sub

211 2721 400 2790 certitudine
424 2722 617 2808 intelligere,
642 2722 800 2810 loquendo
824 2722 864 2789 dc
887 2723 1078 2791 certitudine
1101 2723 1237 2790 naturali
1262 2723 1354 2802 orire,
1376 2728 1528 2809 quaeest
1550 2721 1715 2789 certitudo

212 2836 394 2923 imperfecta
417 2844 448 2905 et
471 2837 648 2916 diminuta,
674 2838 717 2904 ita
740 2845 860 2919 tamen,
884 2839 969 2925 quod
994 2856 1052 2925 per
1076 2837 1161 2905 illud
1182 2836 1292 2904 lrrnaen
1314 2836 1473 2904 nannete
1500 2855 1562 2903 non
1599 2855 1715 2923 possu-

211 2971 284 3021 mus
307 2952 426 3020 babere
449 2952 537 3019 illam
561 2953 782 3020 certitudinem
807 2953 1010 3040 cognitionis,
1034 2954 1094 3021 nisi
1119 2953 1243 3019 lorraine
1272 2951 1468 3039 simpliciter
1503 2951 1714 3019 irrrruutobr‘lr'

213 3070 272 3137 boc
295 3076 407 3154 agente
430 3087 487 3155 per
511 3086 601 3136 suam
626 3068 821 3135 inllnmtiam
846 3069 1036 3156 generalem,
1060 3089 1143 3157 quae
1166 3069 1368 3137 necessaria⁴
1393 3069 1503 3137 estad
1529 3069 1598 3148 boc,
1622 3070 1715 3155 quod

211 3204 308 3273 agens
331 3193 473 3253 creatum
497 3193 569 3272 agat
591 3204 828 3272 quamcumque
851 3186 1016 3253 actionem.
1041 3186 1090 3254 Sic
1113 3203 1189 3272 ergo
1213 3186 1301 3266 dico,
1325 3185 1410 3273 quod
1428 3184 1536 3252 lumen
1553 3185 1715 3265 naturale,

211 3320 275 3387 quo
299 3300 486 3369 naturaliter
510 3301 732 3387 intelligimus,
755 3301 902 3387 quamvis
925 3302 985 3369 sibi
1009 3301 1155 3369 relictum
1180 3300 1308 3369 caderet
1342 3301 1373 3367 iu
1409 3318 1569 3381 maesse,
1602 3307 1715 3369 brnen

212 3415 243 3481 in
266 3422 422 3502 quantum
445 3424 652 3484 conservatur
675 3418 706 3483 in
731 3417 821 3484 nobis
845 3435 902 3503 pcr
932 3423 1098 3485 aeternum
1127 3416 1249 3495 lernen,
1285 3417 1381 3484 habet
1417 3416 1712 3484 immutabilitatem

212 3531 481 3619 proportionatam
506 3532 551 3599 illi
575 3532 771 3615 certitudini,
795 3550 877 3619 cqrrae
900 3541 948 3601 est
972 3533 1002 3599 in
1027 3533 1202 3618 cognitione
1229 3532 1366 3600 naturali
1398 3533 1428 3599 in
1454 3533 1522 3613 ria,
1558 3534 1713 3619 quamvis

212 3647 291 3715 illud
317 3647 424 3715 lumen
447 3667 509 3716 non
534 3649 575 3716 sit
598 3649 783 3735 simpliciter
808 3649 1026 3730 irumutabilo,
1050 3650 1124 3736 (pria
1147 3669 1205 3718 uec
1229 3650 1288 3717 ista
1311 3650 1448 3746 cognitio
1472 3650 1567 3717 babet
1582 3650 1716 3717 certitu-

212 3762 317 3831 dinem
343 3766 514 3851 perlectam
538 3773 570 3832 et
593 3765 781 3852 completam
800 3767 830 3832 in
848 3773 993 3852 respectu
1019 3766 1104 3834 illius
1126 3767 1340 3847 certitudinis,
1365 3784 1446 3854 quae
1470 3767 1544 3849 erit,
1559 3785 1633 3834 cum
1660 3785 1715 3834 res

211 3880 296 3947 clare
322 3880 515 3948 virlobontur
540 3881 569 3947 in
595 3882 751 3949 Creatore.

304 3999 352 4063 lo.
370 3997 415 4063 dd
440 3997 519 4063 illud
543 3997 629 4085 quod
654 3998 777 4065 decimo
800 3997 948 4065 obiicitur
972 3999 1013 4065 de
1036 3997 1118 4065 libro
1141 3997 1387 4085 soliloquiorum
1411 3998 1596 4085 Augustini,
1621 3998 1712 4079 dico,

212 4110 297 4198 quod
314 4112 487 4179 auctoritas
503 4132 565 4179 non
582 4113 676 4180 debet
689 4113 840 4198 intelligi,
864 4113 949 4200 quod
975 4114 1059 4181 lleus
1083 4132 1141 4200 por
1153 4133 1187 4181 se
1204 4114 1319 4201 ipsum,
1336 4133 1398 4181 non
1412 4115 1571 4182 mediante
1588 4114 1714 4184 lumine

212 4234 328 4308 creato,
344 4228 384 4294 sit
398 4227 473 4294 rnibi
487 4229 567 4294 ratio
581 4228 789 4314 intelligendi,
801 4235 856 4295 aut
872 4228 957 4315 qnod
975 4229 1015 4296 sit
1031 4228 1190 4296 obiectum
1208 4229 1402 4297 intellectum
1419 4249 1438 4296 a
1455 4249 1506 4297 me
1522 4230 1715 4299 naturaliter

211 4343 386 4429 cognitione
396 4343 587 4423 immediata,
602 4346 632 4411 in
646 4365 710 4432 qno
721 4345 862 4413 oldecto⁵
874 4354 995 4413 ceteras
1009 4364 1059 4413 res
1070 4346 1257 4432 intelligam3
1271 4346 1325 4413 sed
1339 4347 1420 4427 dico,
1432 4348 1516 4434 quim
1532 4346 1715 4415 intellectus

211 4458 373 4543 ,lugnstini
389 4459 418 4525 in
432 4459 593 4546 praedicta
605 4462 792 4528 arrctorilate
806 4469 861 4541 est,
875 4462 960 4548 qnod
975 4462 1060 4548 ipsae
1070 4469 1320 4531 creaturaesunt
1333 4463 1554 4550 intelligibiles
1567 4464 1598 4530 in
1611 4482 1713 4549 ‹pran-

211 4581 277 4641 tum
303 4575 468 4642 imitantur
491 4575 666 4644 claritatum
692 4577 761 4658 boi3
786 4578 867 4647 banc
890 4585 997 4645 autem
1023 4578 1199 4647 claritatem
1224 4580 1397 4660 imitantur,
1423 4579 1452 4647 in
1470 4588 1624 4667 quantum
1643 4581 1714 4648 irni-

300 4907 307 4940 ¹
330 4907 348 4958 ll
367 4906 593 4975 triturantium
613 4922 672 4960 rnen
691 4910 711 4959 Α
731 4907 838 4977 quidem
857 4924 905 4974 pro
924 4909 1003 4979 qnod.

298 5006 309 5039 i
328 5007 348 5057 Α
367 5005 514 5060 scientiolae.

299 5104 311 5138 ³
331 5106 349 5155 Α
371 5119 509 5170 perperam
528 5104 642 5174 proprr'o-
662 5104 759 5160 cirtulo
778 5105 888 5160 reolr'ter
906 5106 1019 5161 ‹teclcret

301 5200 309 5229 ⁴
328 5205 348 5255 .l
369 5218 508 5269 perpererit
527 5207 608 5257 celtu.

299 5303 310 5337 ⁵
329 5304 349 5354 Α
369 5304 463 5357 ourittit
480 5301 587 5370 obiecto,
610 5310 635 5356 et
654 5303 749 5356 deiude
767 5303 840 5374 quod
858 5314 916 5372 post
936 5304 1001 5361 dice.
