3870 6488
329 1303 333 1311 -
434 1297 436 1300 >
509 1223 885 1345 duldsrld
930 1223 1359 1339 nlsrdrlra

666 1514 737 1593 FR.
768 1514 964 1596 ROGERll
992 1513 1195 1595 ANGLlCl.

212 2338 530 2463 olonnenses,
547 2369 657 2443 udum
674 2368 783 2442 eumn
797 2367 902 2442 omnic
917 2388 997 2463 quoe
1012 2367 1183 2461 cognoscit,
1199 2368 1364 2461 wguosoet
1380 2368 1414 2440 in
1429 2367 1497 2441 luce
1513 2368 1661 2457 acorna,

358 2505 402 2558 an
416 2484 477 2558 sibl
492 2480 627 2558 suiilclet
641 2485 694 2558 lux
709 2483 870 2558 naturalls
885 2484 919 2558 ot
935 2484 1063 2578 proprie
1078 2484 1120 2557 ad
1135 2486 1242 2558 cetere
1257 2484 1510 2577 ognoacendum.

279 2723 305 2788 l.
330 2720 365 2812 Et
387 2721 601 2808 arguebatur,
624 2721 709 2809 quod
733 2719 803 2788 lux‘
815 2721 945 2809 propria
966 2720 1034 2788 sibi
1053 2719 1221 2810 mfficict,
1245 2721 1320 2809 quia
1336 2721 1413 2789 dicit
1429 2721 1623 2807 Augustinus
1644 2721 1685 2789 de

186 2836 338 2906 trinitate
360 2837 563 2919 duodecimo,
587 2836 726 2924 capitulo
749 2837 872 2937 decimo
894 2837 1005 2924 quinto
1020 2836 1047 2902 ¹:
1080 2864 1094 2894 «
1113 2835 1314 2909 Credendum
1338 2844 1404 2918 cst,
1429 2836 1543 2905 mentis
1568 2836 1685 2905 intelle·

185 2951 300 3020 ctualis
323 2952 366 3021 ita
399 2952 557 3023 conditam
582 2971 651 3021 csse
676 2960 837 3034 naturam,
861 2959 898 3021 ut
921 2949 1018 3021 rebus
1042 2951 1293 3040 intelligibilibus
1317 2952 1452 3021 naturali
1476 2952 1603 3033 ordine,
1624 2936 1685 3020 dis

186 3074 320 3155 ponente
344 3065 536 3159 [Creatore],
559 3068 712 3161 subiecta,
735 3068 795 3136 ista
819 3068 924 3136 rideat
947 3069 977 3136 in
1001 3067 1139 3155 quad-nn
1165 3067 1235 3136 luce
1259 3068 1309 3136 sui
1323 3067 1458 3155 generis
1474 3092 1505 3134 o.
1537 3068 1597 3136 Sed
1621 3086 1683 3134 non

185 3190 233 3252 est
257 3184 320 3279 lux!
338 3184 445 3272 aliqua
475 3185 619 3254 eiusdem
643 3185 768 3272 generis
791 3203 865 3253 curn
896 3185 1002 3252 anirna
1030 3183 1090 3252 nisi
1121 3182 1179 3251 lux
1210 3190 1333 3252 creata:
1366 3202 1442 3271 crgo
1473 3183 1505 3252 in
1529 3183 1583 3252 tali
1614 3184 1685 3253 luce

185 3299 291 3368 omnia
313 3299 376 3368 alia
399 3300 567 3388 cognoscit.

274 3420 306 3487 2.
325 3416 425 3500 ltere,
446 3417 478 3485 in
501 3418 612 3488 eodcrn
631 3418 726 3498 libro,
742 3398 882 3504 capitulo
905 3416 1169 3506 decirnoquarto’
1192 3418 1325 3505 loquens
1348 3417 1388 3485 de
1405 3418 1525 3505 regulis
1548 3417 1685 3486 aeternis

186 3532 275 3615 dicit,
299 3528 388 3621 quod
408 3533 449 3602 ad
472 3552 526 3602 eas
542 3534 656 3602 mentis
678 3534 744 3601 acie
760 3533 928 3621 pervenire
951 3552 1125 3621 paucorum
1147 3541 1213 3614 est;
1237 3533 1293 3602 sed
1310 3534 1477 3620 pervenire
1500 3534 1540 3600 ad
1558 3533 1685 3613 lurnen,

185 3650 271 3737 qnod
294 3655 343 3719 est
366 3651 446 3718 ratio
477 3649 669 3738 intelligendi
693 3651 776 3741 alia,
807 3656 856 3719 est
879 3650 1038 3720 omniurn:
1071 3668 1149 3737 ergo
1178 3649 1317 3719 rationes
1347 3657 1494 3718 aeternae
1517 3668 1578 3717 non
1610 3656 1685 3716 sunt

187 3767 267 3835 ratio
288 3767 395 3834 omnia
418 3767 622 3854 intelligendi.

275 3881 304 3949 3.
329 3882 424 3963 {tenu
446 3883 640 3970 Augustinus
663 3882 703 3951 de
727 3883 878 3950 Trinitate
909 3880 992 3949 libro
1027 3882 1148 3968 primo,
1172 3880 1311 3973 capitulo
1334 3880 1514 3948 secundo⁸:
1544 3906 1560 3941 «
1576 3881 1686 3949 llentis

186 3997 344 4066 hirmanae
366 3998 450 4067 acics
473 3998 612 4067 invalida
635 3999 665 4065 in
692 4006 755 4066 tarn
779 3998 946 4067 excellenti
973 3997 1043 4066 lnce
1067 4016 1129 4065 non
1151 3998 1279 4083 ligitur,
1311 3997 1369 4065 nisi
1399 3997 1490 4084 prius
1521 4014 1577 4083 per
1601 3996 1687 4063 iusti·

188 4113 266 4193 tiaru⁸
293 4114 367 4183 lidei
401 4114 541 4182 enutrita
571 4121 778 4201 vegetetur».
814 4114 875 4182 Sed
898 4113 1076 4182 intellectus
1104 4112 1292 4180 naturaliter
1321 4112 1435 4181 intueri
1465 4119 1568 4199 protest
1591 4129 1686 4178 onure

186 4228 266 4299 illud
288 4230 375 4319 quod
399 4237 448 4299 est
470 4230 530 4299 sibi
553 4231 635 4299 ratio
656 4231 882 4318 cognoscendi:
907 4249 983 4317 ergo
1007 4229 1165 4298 mediante
1188 4229 1259 4297 luce
1283 4228 1423 4297 increata
1439 4248 1500 4296 non
1524 4226 1685 4315 cognoscit

187 4363 304 4413 omnia.

274 4463 305 4530 d
328 4462 422 4544 ltern,
446 4463 639 4549 ¹lugustinus
661 4463 701 4531 de
724 4462 876 4531 Trinitate
908 4463 990 4531 libro
1024 4469 1156 4550 qrrarto,
1187 4462 1326 4549 capitulo
1349 4444 1473 4530 decimo
1496 4460 1614 4530 sexto*
1643 4461 1688 4528 di·

185 4576 245 4647 cit:
276 4578 469 4668 ‹Nunquid
485 4579 559 4667 quia
576 4579 754 4666 philosophi
779 4575 978 4647 documentis
1001 4579 1186 4647 certissimis
1209 4578 1418 4665 persuadent,
1442 4578 1579 4646 aeternis
1596 4577 1688 4644 ratio

186 4693 281 4763 nibus
302 4695 409 4762 ornnia
425 4695 613 4782 temporalia
636 4695 725 4774 deri,
749 4701 898 4781 poterunt
922 4693 953 4762 in
979 4693 1055 4781 ipsis
1079 4693 1254 4762 rationibus
1278 4694 1459 4780 prospicere
1476 4692 1525 4761 rel
1549 4711 1589 4761 cx
1610 4692 1687 4780 ipsis

185 4809 351 4897 colligere,
374 4818 452 4898 quot
475 4816 550 4877 sunt
571 4810 758 4877 animalium
782 4828 916 4896 genera,
939 4828 1022 4898 quae
1046 4809 1168 4877 sornina
1191 4809 1391 4896 singulorum
1408 4816 1448 4875 »t
1470 4809 1560 4897 qtrasi
1585 4807 1686 4876 dicat:

186 4942 259 4993 non.
281 4926 342 4994 Sed
365 4926 392 4994 si
415 4925 522 4994 ournia
544 4934 809 5012 cognoscerentur
826 4925 856 4991 in
874 4924 945 4993 luce
960 4933 1103 5005 aeterna,
1126 4925 1267 5000 videtur,
1291 4923 1377 5012 quod
1402 4923 1580 5011 philosophi
1605 4931 1688 5010 pote·

186 5045 259 5107 rant
280 5041 442 5128 praedicta
465 5040 496 5109 in
521 5040 593 5110 lure
615 5046 745 5114 aeterna
767 5040 962 5127 cognovisse.

276 5308 286 5345 ¹
305 5310 381 5362 Nurn.
402 5308 444 5363 rt.

193 5410 196 5415 '
276 5406 294 5442 ἵ
308 5407 384 5460 Num.
403 5408 446 5460 2³.

276 5503 289 5540 ³
308 5505 383 5558 llum.
405 5504 429 5558 l.

275 5600 288 5639 ⁴
304 5603 381 5657 Nutu.
400 5604 447 5670 ²¹3
467 5606 491 5656 ln
511 5618 565 5672 quo
584 5610 653 5658 tortu
672 5603 751 5658 rdltlo
771 5603 849 5659 llabct
866 5606 1014 5674 potuerunt
1031 5602 1060 5658 io
1079 5602 1143 5674 ipsis
1162 5601 1313 5659 rationibus
1324 5599 1476 5675 perspicere
1489 5602 1547 5656 loco
1556 5604 1688 5674 poterunt

186 5698 216 5755 iu
233 5698 298 5772 apsis
316 5699 467 5758 luidoldus
483 5700 645 5773 prospicere.
