3870 6488
820 375 970 434 Qt'ausrlo
993 376 1164 425 ulsrvrsrrt
1188 376 1305 435 odlurt

541 618 636 702 (laod
657 626 767 685 oulenr
792 636 827 684 se
851 624 1027 705 cognoseat
1047 624 1078 684 ct
1099 614 1256 697 liabitas,
1279 616 1340 706 peri
1361 618 1397 684 ira
1419 636 1459 683 ro
1482 626 1583 697 sunt,

837 752 898 820 per
919 732 1070 820 rpeoierrr,
1094 732 1297 799 osredum:

407 970 434 1034 l.
458 965 624 1034 anselmus
648 963 843 1051 monologio,
868 962 1007 1051 capitulo
1041 964 1204 1051 trigesimo
1239 965 1356 1033 tertio:
1398 962 1519 1033 «Nulla
1549 965 1672 1034 ratione
1701 964 1816 1051 negari

312 1090 425 1172 potest,
449 1101 522 1151 oum
547 1098 637 1149 mens
660 1080 822 1148 rationalis
844 1097 879 1148 se
903 1080 1003 1168 ipsam
1019 1079 1185 1167 regiundo
1208 1080 1372 1167 intelligit,
1398 1080 1568 1169 imaginem
1596 1081 1697 1169 ipsius
1723 1080 1816 1149 nasci

312 1201 343 1267 iu
367 1217 426 1269 sna
449 1197 645 1285 cogitatione,
661 1198 760 1263 immo
776 1196 876 1282 ipsam
900 1196 1119 1283 cogitationem
1143 1196 1192 1263 sui
1216 1197 1303 1264 esse¹
1329 1197 1379 1264 sui
1403 1196 1591 1284 imaginem,
1614 1196 1655 1265 ad
1677 1197 1751 1265 eius
1773 1196 1817 1264 si

312 1313 524 1405 militudinem
548 1331 590 1380 eu
613 1312 684 1380 eius
718 1311 926 1399 impressione
961 1310 1139 1378 lormatam.
1174 1312 1416 1400 eramcumque
1439 1312 1524 1380 enim
1547 1328 1617 1380 rem
1641 1329 1733 1380 mens
1758 1310 1815 1379 rel

310 1448 369 1519 per
392 1428 535 1517 eorporis
570 1427 739 1515 imaginem
775 1444 830 1495 seu
867 1444 925 1513 per
959 1427 1113 1495 rationem
1137 1426 1226 1515 cupit
1249 1427 1404 1497 ueraciter
1426 1426 1581 1515 cog'tare,
1604 1426 1674 1496 eius
1695 1427 1813 1515 utique

312 1545 572 1625 similitudinem,
596 1549 753 1630 quantum
778 1539 873 1624 salet,
896 1543 927 1609 in
953 1543 1021 1630 ipsa
1043 1560 1102 1610 sua
1125 1544 1312 1631 mgitatione
1335 1550 1468 1612 conatur
1491 1542 1698 1630 exprimere,
1720 1542 1814 1631 quod

311 1666 431 1749 quanto
453 1660 561 1727 uerius
583 1657 673 1739 lacit,
698 1664 784 1725 tanto
809 1657 916 1725 uerius
938 1676 1006 1725 rem
1032 1657 1132 1745 ipsam
1156 1659 1314 1746 cogitatu
1339 1659 1419 1745 Ergo
1442 1665 1507 1727 tarn
1531 1676 1565 1727 se
1588 1659 1689 1745 ipsam
1711 1658 1815 1744 quarn

315 1775 463 1856 lralritus,
486 1774 540 1862 qui
565 1778 640 1841 sunt
663 1772 694 1839 in
719 1772 804 1860 ipsa,
827 1774 987 1859 coguoscit
1009 1791 1067 1861 per
1091 1774 1212 1861 species
1228 1792 1311 1843 suas
1396 1819 1398 1823 -

402 1893 431 1957 t.
456 1890 555 1968 lterum
580 1886 791 1974 Philosophus
814 1882 907 1955 tc'rtio
931 1887 971 1957 de
994 1886 1129 1955 dnima²
1152 1888 1246 1969 dicit,
1270 1889 1357 1976 quod
1379 1889 1485 1957 anima
1500 1886 1646 1975 iutelligit
1668 1904 1704 1955 se
1726 1886 1816 1956 sicut

314 2005 377 2073 alia
400 2003 627 2091 irrtelligibilia;
651 2000 707 2071 sod
730 2003 792 2070 alia
815 2002 1025 2090 intelligibilia
1050 2002 1195 2092 intelligit
1210 2022 1268 2092 per
1283 2004 1436 2092 speciem:
1460 2011 1585 2092 ergoet
1605 2002 1813 2089 semetipsam

313 2129 344 2189 et
367 2121 496 2188 habitus
519 2120 550 2186 in
574 2137 612 2186 ea
635 2118 808 2186 existentes
831 2117 977 2205 inteiligit
999 2136 1057 2206 per
1080 2120 1200 2206 species
1223 2138 1308 2189 suas.

401 2237 432 2304 3.
456 2236 550 2317 ltem,
574 2234 768 2303 intellectum
793 2240 825 2302 et
847 2234 1007 2321 cognitum
1031 2242 1080 2303 est
1101 2235 1252 2323 perfectio
1269 2235 1461 2317 intellectus,
1476 2254 1539 2304 uon
1555 2254 1614 2323 per
1628 2233 1815 2315 essentiam,

316 2353 372 2421 sed
396 2371 453 2439 per
476 2352 624 2439 speciem,
647 2350 723 2438 quia
746 2368 798 2419 res
822 2349 909 2438 ipsae
940 2369 1002 2418 uon
1025 2359 1101 2419 sunt
1124 2351 1154 2418 in
1179 2351 1361 2434 intellectu,
1384 2352 1440 2421 sed
1464 2369 1575 2419 rerum
1598 2350 1755 2439 species⁸.
1779 2351 1813 2417 Si

311 2470 407 2555 igitur
430 2468 536 2536 anime
560 2467 705 2555 intelligit
731 2484 781 2548 se,
816 2484 850 2535 se
885 2467 953 2555 ipsa
982 2467 1164 2554 perficitur3
1198 2467 1254 2536 sed
1277 2486 1340 2536 non
1363 2467 1529 2556 perlinitur
1551 2467 1697 2557 seipsa,
1728 2466 1809 2555 quia

309 2584 460 2671 porrectio
484 2582 590 2650 diliert
613 2601 633 2649 a
655 2581 860 2669 perfectibili:
885 2599 1044 2667 ergosua
1067 2582 1171 2670 specie
1194 2583 1244 2650 rel
1269 2582 1486 2652 similitudine.

397 2700 428 2766 l.
453 2699 540 2778 ltem,
563 2697 758 2784 ‚augustinus
780 2697 1019 2785 decimoquarto
1042 2696 1083 2765 de
1106 2697 1269 2777 Trinitate,
1291 2698 1430 2785 rapitulo
1454 2697 1572 2767 tertio‘
1597 2696 1691 2773 dioit,
1714 2695 1807 2784 qood

309 2814 439 2903 qrraudo
461 2812 541 2881 ludes
564 2830 627 2879 nou
650 2811 729 2893 erit,
753 2819 960 2899 oognosretur
983 2829 1041 2899 per
1064 2812 1225 2898 quoddam
1251 2813 1472 2899 imaginarium
1495 2813 1663 2900 uestigium
1687 2812 1722 2879 in
1747 2828 1813 2881 me

309 2930 412 2997 moria
437 2927 644 3009 derelictum,
668 2927 753 2995 unde
777 2928 967 2997 formabitur
996 2928 1079 2995 acies
1113 2928 1328 3004 recordantis:
1352 2928 1408 2997 sed
1431 2928 1527 2996 aliam
1550 2946 1636 2997 nune
1657 2926 1733 2996 lacit
1750 2926 1795 2995 tri

307 3046 456 3124 nitatem,
479 3042 574 3111 aliam
598 3052 673 3111 luno
697 3043 819 3111 lactura
842 3050 899 3110 est.
922 3042 983 3111 Sed
1007 3051 1130 3111 reulum
1152 3050 1218 3126 est,
1241 3044 1326 3131 quod
1344 3062 1402 3132 per
1418 3043 1497 3112 illud
1514 3062 1566 3113 ras
1593 3044 1811 3131 cognoscitur,

307 3178 366 3248 per
388 3159 474 3247 qrrod
498 3159 656 3229 recolitur.
671 3160 738 3227 siue
761 3164 1011 3228 rememoratur:
1046 3176 1123 3245 ergo
1156 3159 1182 3227 si
1206 3159 1312 3227 anima
1343 3160 1535 3230 ‘recordatur
1557 3158 1631 3229 iidei
1655 3176 1714 3247 per
1738 3176 1812 3247 spe

308 3276 406 3357 ciem,
429 3281 559 3361 ergoet
581 3291 639 3361 per
662 3274 799 3361 speciem
822 3274 1002 3360 cognoscit..

646 3505 741 3590 Quod
763 3512 875 3573 auteur
895 3524 957 3593 per
981 3505 1168 3586 orantium,
1192 3506 1377 3574 ostorrlilrer·
1397 3506 1467 3575 sic:

401 3730 428 3794 l.
452 3726 646 3813 lrrgrrsrmus
669 3727 887 3795 decimotertio
922 3727 963 3796 da
987 3727 1160 3810 Trinitate,
1187 3728 1327 3817 capitulo
1349 3729 1494 3816 primo⁵:
1525 3728 1630 3797 «Nou
1652 3728 1700 3798 sio
1725 3728 1818 3797 uide

309 3861 383 3912 mus
402 3843 498 3912 fidem
522 3842 554 3910 iu
577 3842 683 3923 uolris,
699 3842 781 3911 sicut
797 3843 944 3913 uidemus
966 3843 1127 3912 hominem
1153 3840 1300 3935 [vivunt
1323 3844 1417 3913 ouius
1438 3845 1578 3913 animam
1601 3842 1814 3913 etiamsinon

309 3959 472 4032 ridemus,
496 3976 537 4026 ex
561 3964 670 4026 nostra
693 3958 900 4040 mniioimus,
927 3965 959 4027 et
981 3976 1024 4026 ex
1048 3958 1188 4027 motibus
1221 3959 1442 4046 corporalibus
1464 3959 1627 4029 hominem
1650 3958 1816 4049 [uiuum],

309 4074 394 4142 sicut
416 4074 552 4142 vivendo
574 4073 759 4155 didicimus,
783 4074 945 4143 intuemur
961 4075 1055 4143 etiam
1072 4074 1248 4161 cogitando.
1264 4074 1330 4142 Non
1354 4074 1399 4144 sio
1415 4075 1544 4144 uidetur
1558 4074 1640 4143 ddes
1654 4075 1687 4145 in
1702 4076 1818 4158 corde,

312 4189 344 4255 in
367 4207 432 4277 qrro
454 4197 523 4269 est,
545 4190 587 4258 ab
608 4207 647 4257 eo
669 4189 764 4258 cuius
796 4197 862 4272 est;
894 4190 950 4259 sed
984 4208 1056 4259 earn
1079 4196 1164 4259 tenet
1187 4190 1363 4259 certissima
1386 4190 1515 4261 scientia
1538 4188 1718 4279 clamatque
1741 4210 1819 4261 cou-

310 4306 450 4375 scientia.
473 4306 553 4373 dum
578 4306 683 4394 itaque
707 4313 876 4395 propterea
899 4306 1031 4375 credere
1047 4306 1217 4375 iubeamur
1224 4332 1234 4388 3
1256 4308 1332 4397 quia
1348 4306 1380 4375 id
1396 4306 1483 4397 quod
1499 4306 1633 4376 eredere
1655 4306 1817 4378 iubemur

309 4421 420 4489 uidere
435 4440 496 4489 uon
513 4439 704 4508 possumus3
721 4421 822 4509 ipsam
837 4428 943 4490 umen
961 4418 1102 4512 [sudem],
1117 4422 1246 4510 quando
1262 4421 1343 4490 inest
1364 4422 1474 4504 nobis,
1490 4421 1637 4491 ridemus
1652 4421 1685 4491 in
1701 4423 1819 4507 nobis3

399 4653 511 4706 1Ειιιιιιι
531 4660 591 4719 post
608 4651 653 4707 sui
670 4665 726 4707 esse
744 4651 823 4707 lubet
840 4665 921 4707 nram
939 4666 988 4719 pro
1006 4649 1067 4719 sni,
1089 4658 1114 4706 et
1133 4666 1193 4707 mox
1213 4659 1273 4720 post
1289 4651 1492 4709 nnddtndiaem
1510 4653 1753 4779 additionum,-
1767 4670 1819 4724 pro

309 4749 431 4820 eor-proras
450 4749 597 4820 irrugiens
615 4750 635 4802 B
653 4748 733 4804 lrsbm
749 4748 971 4820 amnemamnem
989 4749 1119 4819 corporae.

397 4848 409 4884 ²
428 4850 501 4902 Text
522 4848 562 4901 l5.
583 4848 616 4916 (r.
637 4846 687 4915 l.,)
707 4847 752 4901 ubl
771 4850 859 4902 vorslo
876 4847 1063 4902 Graoeolatlua
1081 4846 1174 4903 nabot:
1197 4848 1253 4904 «lit
1272 4850 1328 4916 lpse
1346 4848 1512 4920 (intellectus)
1535 4854 1623 4903 autem
1640 4848 1819 4919 iutelligibills

309 4955 357 5014 ost,
376 4949 443 5001 siout
462 4946 663 5014 intelligibilia.

404 5043 560 5107 8Ariston,
581 5043 617 5097 lll.
638 5043 671 5097 de
690 5044 800 5112 aalma,
820 5049 879 5098 text
899 5043 942 5099 tt.
961 5042 1004 5113 (r.
1024 5044 1077 5113 8.).

399 5141 506 5195 ⁴Num.
526 5141 551 5196 ὅ.

400 5240 506 5293 5llum.
526 5239 550 5293 3.
569 5266 605 5279 -
623 5239 650 5292 ln
668 5254 722 5307 quo
741 5246 810 5295 textu
829 5240 909 5295 editio
927 5254 976 5307 pro
994 5238 1106 5295 essendo
1124 5238 1266 5297 didicimus
1284 5240 1363 5297 nubet
1380 5239 1493 5297 ridendo
1510 5240 1633 5298 dirimat.
