3870 6488
628 346 660 395 'x

830 780 879 829 nn.
904 780 1073 831 uarmaer.
1654 767 1692 835 ιιι

202 899 319 969 sullicit
340 901 381 968 ad
404 900 510 969 ourrria
533 902 756 988 cognoscibilia
780 906 1060 991 repraesentanda,
1084 925 1141 975 nec
1163 907 1292 996 aliquod
1316 908 1506 976 attributum
1535 910 1695 996 cognitum

202 1017 356 1085 assimilat
375 1034 433 1085 seu
456 1024 674 1105 repraesentat
696 1019 755 1087 nisi
780 1020 957 1088 secundum
983 1021 1069 1089 illam
1093 1022 1266 1105 rationem,
1289 1030 1326 1092 ut
1348 1024 1472 1092 bonitas
1499 1024 1596 1092 bona:
1621 1044 1697 1111 ergo

203 1151 329 1202 necesse
344 1140 406 1215 εει,
421 1135 507 1221 quod
529 1142 586 1202 aut
609 1136 676 1223 ipse
692 1136 777 1205 Deus
800 1156 857 1224 por
879 1138 1047 1206 essentiam
1072 1158 1163 1207 suam
1179 1140 1220 1208 sit
1245 1141 1324 1208 ratio
1346 1140 1595 1222 assimilationis,
1611 1142 1697 1229 quod

201 1256 250 1317 εει
272 1249 402 1332 lalsum3
417 1256 475 1319 aut
496 1250 576 1318 nihil
590 1251 680 1320 aliud
703 1251 836 1320 sullicit:
860 1271 937 1341 ergo
960 1273 1022 1322 non
1046 1255 1272 1343 cognoscitur¹
1296 1257 1327 1324 in
1352 1256 1418 1325 Deo
1440 1256 1543 1325 autin
1568 1255 1698 1324 intluen-

202 1363 246 1432 tia
267 1364 375 1453 aliqua
398 1366 536 1453 speciali.

289 1483 343 1549 ιιι.
365 1480 453 1568 item,
477 1482 634 1552 certitudo
655 1484 842 1570 cognitionis
864 1492 913 1555 est
934 1503 976 1553 ex
1000 1494 1092 1575 parte
1114 1487 1229 1569 medii;
1254 1488 1309 1555 sed
1326 1487 1406 1555 illud
1423 1487 1564 1556 medium
1585 1506 1699 1575 aequa·

202 1596 275 1666 liter
289 1615 324 1666 se
340 1598 436 1668 babet
458 1598 499 1667 ad
521 1617 651 1669 omnes:
676 1618 752 1688 ergo
775 1619 885 1671 omncs
900 1603 1075 1691 aequaliter
1091 1611 1324 1690 cognoscerent.
1345 1603 1406 1671 Sed
1423 1603 1482 1672 boc
1497 1603 1613 1671 laisum
1629 1610 1697 1672 est:

201 1730 277 1802 ergo
300 1733 364 1782 non
386 1722 579 1803 cognoscunt
602 1716 633 1784 in
658 1716 712 1785 illa
735 1716 815 1786 luce.

291 1830 344 1898 23.
368 1830 463 1914 item,
485 1832 663 1901 secundum
687 1833 897 1920 dragustinum
933 1834 1056 1902 decimo
1079 1834 1119 1902 de
1142 1833 1332 1915 Trinitate²‚
1355 1840 1446 1902 actus
1461 1833 1633 1903 voluntatis
1650 1853 1699 1901 uc

201 1945 339 2015 cessario
362 1949 512 2036 supponit
533 1953 641 2018 actum
664 1949 873 2037 cognitionis;
896 1950 952 2018 sed
976 1951 1017 2018 od
1041 1956 1148 2019 actum
1172 1950 1345 2018 voluntatis
1368 1969 1431 2019 non
1453 1950 1631 2038 requiritur
1646 1950 1700 2017 ali·

201 2082 267 2151 qua
289 2063 437 2151 superior
459 2064 636 2147 inlluentia,
657 2065 698 2133 ad
721 2072 828 2135 actum
853 2066 923 2136 dieo
946 2066 1140 2147 naturalem,
1162 2067 1238 2155 quia
1261 2066 1449 2135 naturaliter
1473 2066 1642 2135 inclinatur
1657 2066 1698 2134 ad

203 2178 400 2268 diligendum
423 2181 560 2250 bonum:
585 2200 661 2270 ergo
684 2201 742 2252 nec
764 2183 805 2252 ad
828 2188 935 2252 actum
958 2183 1153 2271 cognitionis.

290 2297 344 2365 tl.
361 2296 453 2380 ltem,
465 2298 674 2367 conllrmatur
682 2304 906 2387 argumentum
919 2300 981 2370 sic:
997 2299 1147 2388 quoniam
1163 2317 1257 2368 ornne
1272 2300 1357 2388 quod
1371 2306 1518 2368 moretur
1535 2299 1583 2368 rel
1601 2298 1701 2367 tondit

202 2412 243 2479 ad
266 2412 404 2501 aliquid,
426 2414 605 2483 necessario
630 2415 726 2485 habet
749 2414 870 2504 aliquid
894 2415 1018 2498 illius³‚
1041 2416 1083 2484 ad
1106 2416 1191 2504 quod
1215 2422 1372 2485 movetur.
1396 2416 1458 2484 Scd
1482 2416 1628 2484 volontas
1647 2433 1700 2482 na·

203 2528 349 2597 turaliter
372 2537 519 2600 movetur
543 2531 574 2600 in
598 2531 717 2600 Deunu
741 2550 818 2619 ergo
841 2531 937 2600 babet
960 2550 1018 2621 per
1033 2539 1181 2601 naturam
1205 2550 1296 2600 suam
1313 2531 1434 2619 aliquid
1450 2531 1521 2600 llei:
1544 2550 1621 2618 ergo
1636 2550 1697 2597 nrm

204 2644 380 2733 requiritur
402 2644 567 2715 inllucutia
589 2647 732 2716 ulterior.

292 2763 346 2829 ab.
370 2761 465 2845 ltem,
488 2763 569 2832 ratio
591 2763 799 2851 cognoscendi
833 2770 959 2850 oportet
991 2765 1077 2852 quod
1100 2765 1142 2833 sit
1175 2765 1419 2852 proportionalis
1453 2763 1637 2851 intelligenti
1668 2771 1700 2832 et

202 2875 341 2959 obiectam
365 2878 421 2947 sed
443 2879 551 2968 aliqua
575 2881 633 2948 lux
657 2881 758 2968 magis
779 2887 829 2950 est
850 2881 1095 2968 proportionalis
1117 2899 1214 2970 quam
1238 2881 1295 2949 lux
1319 2881 1440 2961 divina,
1464 2898 1522 2949 nec
1546 2879 1628 2948 illa⁴
1651 2886 1700 2948 est

202 2992 461 3081 proportionalis:
484 3014 560 3083 ergo
583 2996 638 3064 illa
661 3016 722 3065 non
745 3004 794 3065 est
817 2998 898 3066 ratio
920 2997 1137 3084 cognoscendi.
1161 2998 1253 3084 Quod
1276 3004 1385 3065 autern
1412 2996 1485 3065 olio
1513 2996 1570 3063 lux
1599 2996 1700 3083 magis

203 3108 245 3175 sit
259 3110 520 3197 proportionalis,
543 3112 681 3194 videtur,
697 3113 773 3200 quia
788 3113 847 3181 lus
869 3113 976 3200 lngeli
1000 3113 1099 3194 beati,
1121 3132 1205 3200 quae
1227 3120 1275 3182 est
1297 3113 1388 3202 quasi
1413 3112 1568 3201 unigenea
1591 3119 1700 3179 nostro

84 3210 89 3219 '
203 3222 386 3317 intellectui.
410 3228 502 3314 Quod
526 3228 586 3296 illo
608 3247 671 3296 non
695 3229 735 3297 sit
758 3227 1019 3317 proportionalis,
1043 3236 1146 3316 patet,
1169 3230 1319 3317 quoniam
1342 3228 1469 3297 excedit
1492 3227 1523 3295 in
1540 3227 1700 3295 inlinitum

202 3338 241 3410 ει
257 3350 403 3412 nostrum
427 3344 622 3414 intellectum
646 3353 679 3415 et
700 3346 909 3433 cognoscibile
932 3345 1110 3429 obiectum;
1133 3352 1165 3414 et
1187 3364 1260 3415 cum
1284 3346 1359 3428 boe,
1379 3344 1405 3413 si
1421 3352 1505 3414 osset
1527 3344 1701 3433 proportio

204 3458 295 3543 natis,
318 3461 449 3547 posset'
473 3461 582 3530 uidere
605 3480 686 3531 eam.

293 3578 347 3644 at.
370 3575 464 3661 ltem,
487 3577 590 3646 omnis
613 3578 776 3666 potentia⁶
797 3595 896 3666 super
918 3596 953 3647 se
977 3577 1130 3647 rellexiva
1153 3577 1271 3646 iudicat
1294 3577 1334 3645 de
1358 3596 1392 3645 εε
1414 3582 1447 3645 ει
1469 3576 1510 3645 (ιε
1532 3574 1700 3655 omnibus,

204 3706 287 3777 quac
310 3697 385 3759 sunt
408 3692 439 3760 in
463 3692 550 3782 ipsa;
573 3693 629 3761 sed
653 3694 694 3762 de
718 3693 788 3763 luce
812 3693 920 3762 divina
944 3712 1034 3781 rpens
1057 3700 1166 3761 nostra
1200 3711 1262 3761 non
1289 3692 1409 3761 iudicat
1431 3710 1490 3761 nec
1520 3691 1561 3759 de
1591 3689 1701 3776 aliqua

205 3802 370 3873 influentia
392 3807 486 3889 lucis
509 3807 658 3897 quoniam
683 3827 741 3897 per
765 3809 851 3878 illam
874 3816 907 3879 et
930 3809 1107 3878 secundum
1130 3808 1217 3877 illam
1242 3808 1283 3877 de
1305 3808 1454 3876 omnibus
1471 3806 1700 3891 iudicat:ergo

205 3936 268 3988 non
290 3928 339 3989 est
362 3922 435 3991 talis
459 3922 516 3991 lux
541 3924 592 3992 rel
616 3924 781 3993 intluentia
804 3925 835 3993 in
859 3932 964 3994 mente
988 3932 1105 3993 nostra.

254 4084 258 4091 -
293 4040 347 4103 27.
371 4038 465 4120 ltern,
488 4040 515 4108 si
538 4040 593 4108 illa
614 4040 672 4109 lux
696 4047 744 4110 est
767 4042 848 4109 ratio
871 4041 1078 4130 cognoscendi
1096 4040 1227 4109 inomni
1252 4030 1444 4127 cognitione,
1467 4057 1541 4107 cum
1563 4037 1619 4105 illa
1642 4036 1701 4104 lux

204 4152 311 4221 ornnia
332 4157 507 4244 aequaliter
530 4164 754 4245 repraesentet,
769 4160 877 4229 omnia
890 4160 1066 4247 aequaliter
1081 4166 1363 4247 cognoscerentur,
1379 4157 1568 4246 praesentia,
1585 4154 1639 4246 [el]
1655 4155 1701 4224 lu·

206 4274 288 4351 tura,
303 4271 427 4341 occulta
441 4280 474 4341 et
489 4275 663 4355 manifesta,
680 4276 857 4345 necessaria
871 4283 903 4344 ει
919 4276 1145 4363 contingentia3
1160 4275 1217 4344 sed
1234 4275 1318 4344 istud
1334 4281 1383 4342 est
1402 4274 1531 4343 falsum:
1549 4291 1626 4359 ergo
1640 4279 1700 4340 etc.
1803 4329 1807 4337 .

293 4387 447 4456 abirem
470 4408 604 4477 quaero,
628 4408 702 4459 cum
727 4391 819 4460 rideo
849 4390 976 4480 aliquod
1010 4409 1124 4459 rerum
1149 4390 1368 4470 immutabile,
1393 4396 1448 4456 ut:
1472 4406 1566 4456 ornrre
1598 4394 1700 4455 totum

205 4502 310 4571 malus
331 4510 381 4572 εει
402 4523 462 4574 sua
483 4512 592 4594 parte,
615 4514 647 4575 et
668 4512 788 4594 septem
820 4515 852 4577 et
883 4508 945 4575 tria
967 4508 1077 4577 decem
1106 4513 1197 4576 sunt:
1232 4507 1311 4594 quid
1339 4505 1455 4573 uilloc?
1489 4505 1549 4573 lut
1579 4503 1700 4592 aliquid

206 4623 360 4702 creatum,
381 4628 438 4689 aut
458 4621 581 4710 aliquid
605 4622 799 4706 increatum3
834 4643 897 4692 nou
920 4631 1081 4706 creatum,
1108 4624 1260 4712 quoniam
1290 4622 1415 4690 nullum
1447 4622 1614 4690 creatum⁷
1646 4619 1700 4687 irn-

295 4908 304 4945 ¹
323 4908 593 4980 congnoscimus.

293 5006 387 5076 ’l'ap
408 5008 432 5062 ι.
451 5013 477 5062 ει
495 5010 520 5062 t.

295 5105 345 5161 ⁸C
362 5104 394 5161 dc
411 5104 466 5162 illo.

294 5202 307 5240 ⁴
324 5204 439 5272 tnutltge
458 5203 549 5260 divina
569 5205 635 5273 lira,
656 5208 723 5261 sicut
741 5206 814 5260 addit
832 5204 866 5272 G,
885 5207 931 5273 qm
949 5205 1016 5258 iutra
1034 5205 1096 5272 legit
1113 5218 1178 5274 crgo
1196 5218 1251 5259 nort
1269 5206 1308 5257 est
1326 5217 1375 5270 pro
1393 5216 1458 5272 erqo
1476 5200 1525 5256 illo
1538 5215 1592 5255 rum
1605 5204 1661 5268 εει,
1676 5206 1703 5255 et

203 5304 270 5357 intra
290 5302 369 5370 Quod
384 5304 476 5358 ouum
492 5300 543 5358 itta
560 5316 616 5358 aon
639 5306 678 5359 est
696 5318 745 5371 pro
765 5303 845 5371 Qrtod
862 5302 911 5357 illa
930 5315 984 5356 non
1002 5300 1044 5356 sit.

293 5401 438 5467 ³suppte:
457 5402 608 5469 intellectus,
628 5403 669 5455 vol
687 5401 903 5469 collegendum:
923 5414 1072 5466 possumus.
1091 5399 1188 5453 ductor
1205 5412 1267 5454 curu
1286 5396 1336 5451 leuc
1354 5395 1461 5450 arllribot
1479 5411 1529 5463 garo
1547 5395 1665 5465 burrprr.

293 5500 306 5536 ⁶
324 5497 378 5553 AC
396 5498 497 5553 addunt
514 5498 572 5566 sui,
593 5499 664 5567 quod
684 5514 759 5553 error
776 5513 834 5553 esso
852 5497 971 5563 videtum
990 5512 1050 5550 ntor
1069 5498 1130 5550 llet
1150 5497 1170 5548 b
1188 5497 1310 5550 omittunt
1336 5507 1412 5548 murs
1431 5496 1534 5548 rtoclru.
1552 5521 1589 5533 -
1607 5492 1700 5560 Quoad

204 5602 294 5668 ipsum
312 5602 497 5666 argumentum
516 5598 564 5652 clr.
583 5599 608 5651 S.
628 5599 736 5665 fficiam,
748 5599 764 5651 Ι.
783 5600 852 5651 Seni.
872 5596 898 5651 d.
918 5600 942 5651 3.
963 5611 989 5664 p.
1010 5597 1026 5649 l.
1046 5612 1072 5665 q.
1093 5598 1116 5650 l.
1135 5596 1170 5649 ad
1189 5594 1213 5648 l.

294 5696 306 5734 ⁷
324 5696 344 5752 C
362 5696 436 5751 addit
452 5700 500 5753 est.
519 5697 576 5751 llox
595 5697 615 5749 b
634 5696 753 5754 videmus
772 5711 820 5765 pro
840 5695 913 5752 cideo
922 5715 934 5763 ,·
952 5702 979 5750 et
996 5694 1092 5749 deinde
1111 5701 1171 5762 post
1190 5693 1276 5749 munt
1294 5691 1315 5747 C
1332 5691 1399 5746 buno
1418 5690 1491 5745 addit
1507 5692 1608 5745 arcuna
