<?xml version="1.0" encoding="UTF-8"?>
<!DOCTYPE html PUBLIC "-//W3C//DTD XHTML 1.0 Transitional//EN"
    "http://www.w3.org/TR/xhtml1/DTD/xhtml1-transitional.dtd">
<html xmlns="http://www.w3.org/1999/xhtml" xml:lang="en" lang="en">
 <head>
  <title>
</title>
<meta http-equiv="Content-Type" content="text/html;charset=utf-8" />
  <meta name='ocr-system' content='tesseract 3.04.00' />
  <meta name='ocr-capabilities' content='ocr_page ocr_carea ocr_par ocr_line ocrx_word'/>
</head>
<body>
  <div class='ocr_page' id='page_1' title='image "./dehumanaecognit00italgoog_0039.png"; bbox 0 0 3870 6488; ppageno 0'>
   <div class='ocr_carea' id='block_1_1' title="bbox 210 342 1714 5339">
    <p class='ocr_par' dir='ltr' id='par_1_1' title="bbox 210 342 1714 5339">
     <span class='ocr_line' id='line_1_1' title="bbox 216 342 1096 405; baseline 0 -2"><span class='ocrx_word' id='word_1_1' title='bbox 216 342 235 403; x_wconf 85' lang='lat' dir='ltr'><strong>ll</strong></span> <span class='ocrx_word' id='word_1_2' title='bbox 818 356 1096 405; x_wconf 75' lang='lat' dir='ltr'><strong>nassen&#39;rarro.</strong></span> 
     </span>
     <span class='ocr_line' id='line_1_2' title="bbox 212 480 1706 568; baseline 0.002 -20"><span class='ocrx_word' id='word_1_3' title='bbox 212 482 298 568; x_wconf 77' lang='lat' dir='ltr'><strong>qrrcrd</strong></span> <span class='ocrx_word' id='word_1_4' title='bbox 323 480 407 550; x_wconf 92' lang='lat' dir='ltr'><strong>idern</strong></span> <span class='ocrx_word' id='word_1_5' title='bbox 430 487 478 549; x_wconf 85' lang='lat' dir='ltr'><strong>est</strong></span> <span class='ocrx_word' id='word_1_6' title='bbox 500 498 574 549; x_wconf 86' lang='lat' dir='ltr'><strong>curn</strong></span> <span class='ocrx_word' id='word_1_7' title='bbox 596 480 734 551; x_wconf 77' lang='lat' dir='ltr'>essentia</span> <span class='ocrx_word' id='word_1_8' title='bbox 755 480 872 549; x_wconf 85' lang='lat' dir='ltr'><strong>divina.</strong></span> <span class='ocrx_word' id='word_1_9' title='bbox 896 482 1059 551; x_wconf 89' lang='lat' dir='ltr'><strong>Succincte</strong></span> <span class='ocrx_word' id='word_1_10' title='bbox 1081 488 1113 551; x_wconf 89' lang='lat' dir='ltr'><strong>et</strong></span> <span class='ocrx_word' id='word_1_11' title='bbox 1134 482 1275 551; x_wconf 88' lang='lat' dir='ltr'><strong>dilucide</strong></span> <span class='ocrx_word' id='word_1_12' title='bbox 1296 501 1498 553; x_wconf 89' lang='lat' dir='ltr'><strong>conrnmnem</strong></span> <span class='ocrx_word' id='word_1_13' title='bbox 1526 484 1706 553; x_wconf 71' lang='lat' dir='ltr'><strong>doctrinam</strong></span> 
     </span>
     <span class='ocr_line' id='line_1_3' title="bbox 214 594 1705 687; baseline -0.001 -23"><span class='ocrx_word' id='word_1_14' title='bbox 214 597 362 685; x_wconf 80' lang='lat' dir='ltr'><strong>propmrit</strong></span> <span class='ocrx_word' id='word_1_15' title='bbox 383 598 413 663; x_wconf 85' lang='lat' dir='ltr'><strong>S.</strong></span> <span class='ocrx_word' id='word_1_16' title='bbox 437 594 575 665; x_wconf 85' lang='lat' dir='ltr'>Thomas</span> <span class='ocrx_word' id='word_1_17' title='bbox 597 596 789 686; x_wconf 79' lang='lat' dir='ltr'><strong>(compend.</strong></span> <span class='ocrx_word' id='word_1_18' title='bbox 814 598 948 685; x_wconf 77' lang='lat' dir='ltr'><strong>theolog.</strong></span> <span class='ocrx_word' id='word_1_19' title='bbox 970 599 1011 667; x_wconf 90' lang='lat' dir='ltr'><strong>ad</strong></span> <span class='ocrx_word' id='word_1_20' title='bbox 1036 599 1083 667; x_wconf 81' lang='lat' dir='ltr'><strong>l&#39;r.</strong></span> <span class='ocrx_word' id='word_1_21' title='bbox 1108 598 1315 687; x_wconf 87' lang='lat' dir='ltr'><strong>lleginaldurn</strong></span> <span class='ocrx_word' id='word_1_22' title='bbox 1338 619 1365 669; x_wconf 91' lang='lat' dir='ltr'><strong>c.</strong></span> <span class='ocrx_word' id='word_1_23' title='bbox 1386 600 1479 684; x_wconf 76' lang='lat' dir='ltr'><strong>tte.)</strong></span> <span class='ocrx_word' id='word_1_24' title='bbox 1503 598 1554 669; x_wconf 88' lang='lat' dir='ltr'><strong>lris</strong></span> <span class='ocrx_word' id='word_1_25' title='bbox 1577 601 1705 669; x_wconf 80' lang='lat' dir='ltr'><strong>verbis:</strong></span> 
     </span>
     <span class='ocr_line' id='line_1_4' title="bbox 219 714 1707 805; baseline 0.006 -29"><span class='ocrx_word' id='word_1_26' title='bbox 219 714 326 782; x_wconf 85' lang='lat' dir='ltr'><strong>«Cum</strong></span> <span class='ocrx_word' id='word_1_27' title='bbox 349 722 456 782; x_wconf 90' lang='lat' dir='ltr'><strong>autem</strong></span> <span class='ocrx_word' id='word_1_28' title='bbox 479 730 574 783; x_wconf 93' lang='lat' dir='ltr'><strong>omne</strong></span> <span class='ocrx_word' id='word_1_29' title='bbox 596 715 749 784; x_wconf 90' lang='lat' dir='ltr'><strong>mutabile</strong></span> <span class='ocrx_word' id='word_1_30' title='bbox 771 722 804 785; x_wconf 92' lang='lat' dir='ltr'><strong>et</strong></span> <span class='ocrx_word' id='word_1_31' title='bbox 826 715 1021 785; x_wconf 76' lang='lat' dir='ltr'><strong>multiforme</strong></span> <span class='ocrx_word' id='word_1_32' title='bbox 1044 716 1076 784; x_wconf 96' lang='lat' dir='ltr'><strong>in</strong></span> <span class='ocrx_word' id='word_1_33' title='bbox 1099 715 1228 805; x_wconf 82' lang='lat' dir='ltr'>aliquod</span> <span class='ocrx_word' id='word_1_34' title='bbox 1252 716 1393 805; x_wconf 90' lang='lat' dir='ltr'><strong>primurn</strong></span> <span class='ocrx_word' id='word_1_35' title='bbox 1424 722 1456 785; x_wconf 91' lang='lat' dir='ltr'><strong>et</strong></span> <span class='ocrx_word' id='word_1_36' title='bbox 1485 736 1586 785; x_wconf 79' lang='lat' dir='ltr'><strong>aarum</strong></span> <span class='ocrx_word' id='word_1_37' title='bbox 1612 718 1707 785; x_wconf 92' lang='lat' dir='ltr'><strong>redu-</strong></span> 
     </span>
     <span class='ocr_line' id='line_1_5' title="bbox 212 830 1706 913; baseline 0.003 -16"><span class='ocrx_word' id='word_1_38' title='bbox 212 838 304 898; x_wconf 89' lang='lat' dir='ltr'><strong>catur</strong></span> <span class='ocrx_word' id='word_1_39' title='bbox 326 830 409 899; x_wconf 90' lang='lat' dir='ltr'><strong>sicut</strong></span> <span class='ocrx_word' id='word_1_40' title='bbox 430 830 462 899; x_wconf 92' lang='lat' dir='ltr'><strong>in</strong></span> <span class='ocrx_word' id='word_1_41' title='bbox 486 848 636 913; x_wconf 79' lang='lat' dir='ltr'><strong>mosara,</strong></span> <span class='ocrx_word' id='word_1_42' title='bbox 660 832 798 900; x_wconf 89' lang='lat' dir='ltr'><strong>lrominis</strong></span> <span class='ocrx_word' id='word_1_43' title='bbox 821 840 928 901; x_wconf 89' lang='lat' dir='ltr'><strong>aulem</strong></span> <span class='ocrx_word' id='word_1_44' title='bbox 945 832 1124 902; x_wconf 90' lang='lat' dir='ltr'><strong>intellectus</strong></span> <span class='ocrx_word' id='word_1_45' title='bbox 1146 840 1177 903; x_wconf 92' lang='lat' dir='ltr'><strong>et</strong></span> <span class='ocrx_word' id='word_1_46' title='bbox 1201 833 1348 902; x_wconf 78' lang='lat' dir='ltr'><strong>voluntas</strong></span> <span class='ocrx_word' id='word_1_47' title='bbox 1373 832 1536 902; x_wconf 87' lang='lat' dir='ltr'><strong>mutabilis</strong></span> <span class='ocrx_word' id='word_1_48' title='bbox 1550 839 1583 903; x_wconf 91' lang='lat' dir='ltr'><strong>ot</strong></span> <span class='ocrx_word' id='word_1_49' title='bbox 1600 833 1706 901; x_wconf 91' lang='lat' dir='ltr'><strong>multi-</strong></span> 
     </span>
     <span class='ocr_line' id='line_1_6' title="bbox 212 945 1705 1038; baseline 0.005 -26"><span class='ocrx_word' id='word_1_50' title='bbox 212 945 322 1015; x_wconf 88' lang='lat' dir='ltr'><strong>lormis</strong></span> <span class='ocrx_word' id='word_1_51' title='bbox 343 953 513 1035; x_wconf 81' lang='lat' dir='ltr'>appareat,</span> <span class='ocrx_word' id='word_1_52' title='bbox 536 964 664 1017; x_wconf 73' lang='lat' dir='ltr'><strong>necasse</strong></span> <span class='ocrx_word' id='word_1_53' title='bbox 687 955 756 1029; x_wconf 89' lang='lat' dir='ltr'><strong>est,</strong></span> <span class='ocrx_word' id='word_1_54' title='bbox 780 949 867 1035; x_wconf 87' lang='lat' dir='ltr'><strong>quod</strong></span> <span class='ocrx_word' id='word_1_55' title='bbox 890 950 921 1017; x_wconf 95' lang='lat' dir='ltr'><strong>in</strong></span> <span class='ocrx_word' id='word_1_56' title='bbox 945 950 1086 1038; x_wconf 83' lang='lat' dir='ltr'>aliquam</span> <span class='ocrx_word' id='word_1_57' title='bbox 1109 950 1308 1038; x_wconf 87' lang='lat' dir='ltr'><strong>superiorem</strong></span> <span class='ocrx_word' id='word_1_58' title='bbox 1343 968 1473 1021; x_wconf 64' lang='lat' dir='ltr'><strong>acuam</strong></span> <span class='ocrx_word' id='word_1_59' title='bbox 1508 950 1705 1019; x_wconf 84' lang='lat' dir='ltr'><strong>immobilem</strong></span> 
     </span>
     <span class='ocr_line' id='line_1_7' title="bbox 210 1050 1707 1155; baseline 0.003 -25"><span class='ocrx_word' id='word_1_60' title='bbox 210 1070 243 1131; x_wconf 89' lang='lat' dir='ltr'><strong>et</strong></span> <span class='ocrx_word' id='word_1_61' title='bbox 266 1065 458 1133; x_wconf 77' lang='lat' dir='ltr'><strong>uniformem</strong></span> <span class='ocrx_word' id='word_1_62' title='bbox 480 1050 816 1134; x_wconf 83' lang='lat' dir='ltr'><strong>reducantur...&#39;beus</strong></span> <span class='ocrx_word' id='word_1_63' title='bbox 839 1066 880 1134; x_wconf 93' lang='lat' dir='ltr'><strong>ad</strong></span> <span class='ocrx_word' id='word_1_64' title='bbox 905 1066 1146 1155; x_wconf 88' lang='lat' dir='ltr'><strong>intelligendum</strong></span> <span class='ocrx_word' id='word_1_65' title='bbox 1170 1068 1330 1136; x_wconf 88' lang='lat' dir='ltr'><strong>bominem</strong></span> <span class='ocrx_word' id='word_1_66' title='bbox 1356 1069 1443 1137; x_wconf 85' lang='lat' dir='ltr'><strong>iurat</strong></span> <span class='ocrx_word' id='word_1_67' title='bbox 1463 1086 1526 1135; x_wconf 94' lang='lat' dir='ltr'><strong>non</strong></span> <span class='ocrx_word' id='word_1_68' title='bbox 1541 1067 1645 1135; x_wconf 88' lang='lat' dir='ltr'><strong>solum</strong></span> <span class='ocrx_word' id='word_1_69' title='bbox 1663 1086 1707 1135; x_wconf 84' lang='lat' dir='ltr'><strong>ex</strong></span> 
     </span>
     <span class='ocr_line' id='line_1_8' title="bbox 212 1179 1706 1271; baseline 0.005 -26"><span class='ocrx_word' id='word_1_70' title='bbox 212 1186 302 1264; x_wconf 90' lang='lat' dir='ltr'><strong>parte</strong></span> <span class='ocrx_word' id='word_1_71' title='bbox 324 1179 461 1259; x_wconf 83' lang='lat' dir='ltr'><strong>obiecti,</strong></span> <span class='ocrx_word' id='word_1_72' title='bbox 484 1179 570 1267; x_wconf 88' lang='lat' dir='ltr'><strong>quod</strong></span> <span class='ocrx_word' id='word_1_73' title='bbox 593 1179 714 1249; x_wconf 87' lang='lat' dir='ltr'><strong>honrini</strong></span> <span class='ocrx_word' id='word_1_74' title='bbox 736 1182 926 1268; x_wconf 80' lang='lat' dir='ltr'><strong>proponitur</strong></span> <span class='ocrx_word' id='word_1_75' title='bbox 946 1202 966 1250; x_wconf 92' lang='lat' dir='ltr'><strong>a</strong></span> <span class='ocrx_word' id='word_1_76' title='bbox 989 1183 1071 1264; x_wconf 87' lang='lat' dir='ltr'><strong>Deo,</strong></span> <span class='ocrx_word' id='word_1_77' title='bbox 1096 1183 1146 1251; x_wconf 82' lang='lat' dir='ltr'><strong>vel</strong></span> <span class='ocrx_word' id='word_1_78' title='bbox 1170 1202 1228 1271; x_wconf 92' lang='lat' dir='ltr'><strong>per</strong></span> <span class='ocrx_word' id='word_1_79' title='bbox 1250 1181 1455 1251; x_wconf 77' lang='lat' dir='ltr'><strong>arlelitioaem</strong></span> <span class='ocrx_word' id='word_1_80' title='bbox 1476 1181 1630 1263; x_wconf 77' lang='lat' dir='ltr'><strong>leontinis,</strong></span> <span class='ocrx_word' id='word_1_81' title='bbox 1648 1184 1706 1252; x_wconf 90' lang='lat' dir='ltr'><strong>sed</strong></span> 
     </span>
     <span class='ocr_line' id='line_1_9' title="bbox 211 1295 1708 1386; baseline 0.003 -25"><span class='ocrx_word' id='word_1_82' title='bbox 211 1295 307 1363; x_wconf 80' lang='lat' dir='ltr'><strong>etiam</strong></span> <span class='ocrx_word' id='word_1_83' title='bbox 331 1315 388 1383; x_wconf 93' lang='lat' dir='ltr'><strong>per</strong></span> <span class='ocrx_word' id='word_1_84' title='bbox 412 1296 492 1377; x_wconf 86' lang='lat' dir='ltr'><strong>lroe,</strong></span> <span class='ocrx_word' id='word_1_85' title='bbox 516 1296 601 1384; x_wconf 83' lang='lat' dir='ltr'><strong>qraod</strong></span> <span class='ocrx_word' id='word_1_86' title='bbox 628 1296 735 1365; x_wconf 85' lang='lat' dir='ltr'><strong>lurrren</strong></span> <span class='ocrx_word' id='word_1_87' title='bbox 759 1299 904 1367; x_wconf 85' lang='lat' dir='ltr'><strong>naturale</strong></span> <span class='ocrx_word' id='word_1_88' title='bbox 929 1298 1079 1380; x_wconf 83' lang='lat' dir='ltr'><strong>bominis,</strong></span> <span class='ocrx_word' id='word_1_89' title='bbox 1102 1319 1167 1386; x_wconf 88' lang='lat' dir='ltr'><strong>quo</strong></span> <span class='ocrx_word' id='word_1_90' title='bbox 1191 1299 1412 1368; x_wconf 89' lang='lat' dir='ltr'><strong>intellectualis</strong></span> <span class='ocrx_word' id='word_1_91' title='bbox 1434 1304 1492 1380; x_wconf 92' lang='lat' dir='ltr'><strong>est,</strong></span> <span class='ocrx_word' id='word_1_92' title='bbox 1516 1318 1540 1367; x_wconf 93' lang='lat' dir='ltr'><strong>a</strong></span> <span class='ocrx_word' id='word_1_93' title='bbox 1555 1300 1621 1366; x_wconf 87' lang='lat' dir='ltr'><strong>Deo</strong></span> <span class='ocrx_word' id='word_1_94' title='bbox 1648 1308 1708 1379; x_wconf 84' lang='lat' dir='ltr'><strong>eat,</strong></span> 
     </span>
     <span class='ocr_line' id='line_1_10' title="bbox 212 1412 1710 1505; baseline 0.005 -28"><span class='ocrx_word' id='word_1_95' title='bbox 212 1419 244 1477; x_wconf 92' lang='lat' dir='ltr'><strong>et</strong></span> <span class='ocrx_word' id='word_1_96' title='bbox 266 1431 324 1499; x_wconf 87' lang='lat' dir='ltr'><strong>per</strong></span> <span class='ocrx_word' id='word_1_97' title='bbox 347 1413 407 1481; x_wconf 88' lang='lat' dir='ltr'><strong>boc</strong></span> <span class='ocrx_word' id='word_1_98' title='bbox 430 1412 548 1495; x_wconf 87' lang='lat' dir='ltr'><strong>etiam,</strong></span> <span class='ocrx_word' id='word_1_99' title='bbox 570 1414 678 1500; x_wconf 85' lang='lat' dir='ltr'><strong>qnod,</strong></span> <span class='ocrx_word' id='word_1_100' title='bbox 701 1433 776 1483; x_wconf 89' lang='lat' dir='ltr'><strong>cnm</strong></span> <span class='ocrx_word' id='word_1_101' title='bbox 801 1415 868 1502; x_wconf 90' lang='lat' dir='ltr'><strong>ipse</strong></span> <span class='ocrx_word' id='word_1_102' title='bbox 890 1415 930 1483; x_wconf 92' lang='lat' dir='ltr'><strong>sit</strong></span> <span class='ocrx_word' id='word_1_103' title='bbox 953 1416 1071 1484; x_wconf 80' lang='lat' dir='ltr'><strong>veritas</strong></span> <span class='ocrx_word' id='word_1_104' title='bbox 1094 1416 1219 1503; x_wconf 87' lang='lat' dir='ltr'><strong>prima,</strong></span> <span class='ocrx_word' id='word_1_105' title='bbox 1242 1435 1262 1484; x_wconf 88' lang='lat' dir='ltr'><strong>a</strong></span> <span class='ocrx_word' id='word_1_106' title='bbox 1284 1436 1349 1505; x_wconf 85' lang='lat' dir='ltr'><strong>qua</strong></span> <span class='ocrx_word' id='word_1_107' title='bbox 1371 1416 1474 1485; x_wconf 92' lang='lat' dir='ltr'><strong>omnis</strong></span> <span class='ocrx_word' id='word_1_108' title='bbox 1501 1416 1563 1485; x_wconf 88' lang='lat' dir='ltr'><strong>alia</strong></span> <span class='ocrx_word' id='word_1_109' title='bbox 1587 1415 1710 1485; x_wconf 82' lang='lat' dir='ltr'><strong>veritas</strong></span> 
     </span>
     <span class='ocr_line' id='line_1_11' title="bbox 212 1529 1711 1621; baseline 0.001 -26"><span class='ocrx_word' id='word_1_110' title='bbox 212 1529 435 1597; x_wconf 78' lang='lat' dir='ltr'><strong>certitudinem</strong></span> <span class='ocrx_word' id='word_1_111' title='bbox 459 1530 576 1613; x_wconf 84' lang='lat' dir='ltr'><strong>balet,</strong></span> <span class='ocrx_word' id='word_1_112' title='bbox 600 1531 682 1600; x_wconf 82' lang='lat' dir='ltr'><strong>sic-ut</strong></span> <span class='ocrx_word' id='word_1_113' title='bbox 704 1532 865 1601; x_wconf 88' lang='lat' dir='ltr'><strong>secundae</strong></span> <span class='ocrx_word' id='word_1_114' title='bbox 887 1532 1117 1619; x_wconf 81' lang='lat' dir='ltr'><strong>propositiones</strong></span> <span class='ocrx_word' id='word_1_115' title='bbox 1140 1534 1291 1621; x_wconf 83' lang='lat' dir='ltr'><strong>oprimis</strong></span> <span class='ocrx_word' id='word_1_116' title='bbox 1307 1534 1338 1601; x_wconf 93' lang='lat' dir='ltr'><strong>in</strong></span> <span class='ocrx_word' id='word_1_117' title='bbox 1354 1532 1494 1602; x_wconf 82' lang='lat' dir='ltr'><strong>scientiis</strong></span> <span class='ocrx_word' id='word_1_118' title='bbox 1508 1532 1711 1601; x_wconf 89' lang='lat' dir='ltr'><strong>demonstra·</strong></span> 
     </span>
     <span class='ocr_line' id='line_1_12' title="bbox 213 1644 1710 1736; baseline 0.003 -26"><span class='ocrx_word' id='word_1_119' title='bbox 213 1644 308 1726; x_wconf 84' lang='lat' dir='ltr'><strong>tivis‚</strong></span> <span class='ocrx_word' id='word_1_120' title='bbox 331 1644 417 1713; x_wconf 80' lang='lat' dir='ltr'><strong>rrilnl</strong></span> <span class='ocrx_word' id='word_1_121' title='bbox 439 1646 617 1715; x_wconf 77' lang='lat' dir='ltr'><strong>intellectui</strong></span> <span class='ocrx_word' id='word_1_122' title='bbox 639 1656 766 1715; x_wconf 88' lang='lat' dir='ltr'><strong>certam</strong></span> <span class='ocrx_word' id='word_1_123' title='bbox 788 1646 867 1736; x_wconf 74' lang='lat' dir='ltr'><strong>fieri</strong></span> <span class='ocrx_word' id='word_1_124' title='bbox 883 1656 990 1736; x_wconf 77' lang='lat' dir='ltr'><strong>potest</strong></span> <span class='ocrx_word' id='word_1_125' title='bbox 1010 1649 1081 1716; x_wconf 68' lang='grc' dir='ltr'>ιιιζιί</span> <span class='ocrx_word' id='word_1_126' title='bbox 1101 1649 1224 1717; x_wconf 74' lang='lat' dir='ltr'><strong>vittate</strong></span> <span class='ocrx_word' id='word_1_127' title='bbox 1246 1650 1382 1730; x_wconf 75' lang='lat' dir='ltr'><strong>cliviae,</strong></span> <span class='ocrx_word' id='word_1_128' title='bbox 1399 1650 1482 1718; x_wconf 89' lang='lat' dir='ltr'><strong>sicul</strong></span> <span class='ocrx_word' id='word_1_129' title='bbox 1503 1666 1561 1717; x_wconf 88' lang='lat' dir='ltr'><strong>nea</strong></span> <span class='ocrx_word' id='word_1_130' title='bbox 1580 1648 1710 1717; x_wconf 91' lang='lat' dir='ltr'><strong>conclu·</strong></span> 
     </span>
     <span class='ocr_line' id='line_1_13' title="bbox 213 1759 1710 1855; baseline 0.003 -29"><span class='ocrx_word' id='word_1_131' title='bbox 213 1759 317 1829; x_wconf 83' lang='lat' dir='ltr'><strong>siouas</strong></span> <span class='ocrx_word' id='word_1_132' title='bbox 341 1761 421 1830; x_wconf 78' lang='lat' dir='ltr'><strong>irunt</strong></span> <span class='ocrx_word' id='word_1_133' title='bbox 444 1770 549 1831; x_wconf 85' lang='lat' dir='ltr'><strong>certae</strong></span> <span class='ocrx_word' id='word_1_134' title='bbox 573 1764 604 1832; x_wconf 95' lang='lat' dir='ltr'><strong>in</strong></span> <span class='ocrx_word' id='word_1_135' title='bbox 628 1765 768 1833; x_wconf 90' lang='lat' dir='ltr'><strong>scientiis</strong></span> <span class='ocrx_word' id='word_1_136' title='bbox 790 1765 849 1833; x_wconf 90' lang='lat' dir='ltr'><strong>nisi</strong></span> <span class='ocrx_word' id='word_1_137' title='bbox 874 1766 1050 1835; x_wconf 89' lang='lat' dir='ltr'><strong>secundum</strong></span> <span class='ocrx_word' id='word_1_138' title='bbox 1068 1765 1219 1834; x_wconf 84' lang='lat' dir='ltr'><strong>virtutem</strong></span> <span class='ocrx_word' id='word_1_139' title='bbox 1236 1767 1414 1853; x_wconf 89' lang='lat' dir='ltr'><strong>primorum</strong></span> <span class='ocrx_word' id='word_1_140' title='bbox 1431 1765 1710 1855; x_wconf 70' lang='lat' dir='ltr'><strong>principiornmu.</strong></span> 
     </span>
     <span class='ocr_line' id='line_1_14' title="bbox 302 1878 1714 1970; baseline -0.001 -25"><span class='ocrx_word' id='word_1_141' title='bbox 302 1878 382 1947; x_wconf 90' lang='lat' dir='ltr'><strong>llaec</strong></span> <span class='ocrx_word' id='word_1_142' title='bbox 405 1880 570 1963; x_wconf 85' lang='lat' dir='ltr'><strong>doctrina,</strong></span> <span class='ocrx_word' id='word_1_143' title='bbox 592 1901 612 1950; x_wconf 91' lang='lat' dir='ltr'><strong>a</strong></span> <span class='ocrx_word' id='word_1_144' title='bbox 635 1882 797 1950; x_wconf 88' lang='lat' dir='ltr'><strong>nonnuliis</strong></span> <span class='ocrx_word' id='word_1_145' title='bbox 820 1882 1049 1951; x_wconf 89' lang='lat' dir='ltr'><strong>recentioribus</strong></span> <span class='ocrx_word' id='word_1_146' title='bbox 1072 1882 1269 1970; x_wconf 81' lang='lat' dir='ltr'><strong>pbilosophis</strong></span> <span class='ocrx_word' id='word_1_147' title='bbox 1299 1882 1426 1950; x_wconf 91' lang='lat' dir='ltr'><strong>nomine</strong></span> <span class='ocrx_word' id='word_1_148' title='bbox 1456 1878 1714 1969; x_wconf 81' lang='lat' dir='ltr'><strong>eaernplarc&#39;ami</strong></span> 
     </span>
     <span class='ocr_line' id='line_1_15' title="bbox 212 1994 1712 2086; baseline 0.003 -27"><span class='ocrx_word' id='word_1_149' title='bbox 212 1994 392 2081; x_wconf 88' lang='lat' dir='ltr'><strong>appellata,</strong></span> <span class='ocrx_word' id='word_1_150' title='bbox 414 2016 434 2063; x_wconf 91' lang='lat' dir='ltr'><strong>a</strong></span> <span class='ocrx_word' id='word_1_151' title='bbox 456 2005 566 2066; x_wconf 88' lang='lat' dir='ltr'><strong>sancto</strong></span> <span class='ocrx_word' id='word_1_152' title='bbox 587 1998 761 2085; x_wconf 70' lang='lat' dir='ltr'><strong>Augustino</strong></span> <span class='ocrx_word' id='word_1_153' title='bbox 783 1998 969 2086; x_wconf 90' lang='lat' dir='ltr'><strong>saepissime</strong></span> <span class='ocrx_word' id='word_1_154' title='bbox 990 2005 1022 2067; x_wconf 88' lang='lat' dir='ltr'><strong>et</strong></span> <span class='ocrx_word' id='word_1_155' title='bbox 1044 1998 1271 2067; x_wconf 91' lang='lat' dir='ltr'><strong>sublimissime</strong></span> <span class='ocrx_word' id='word_1_156' title='bbox 1295 2006 1448 2081; x_wconf 88' lang='lat' dir='ltr'><strong>tractata,</strong></span> <span class='ocrx_word' id='word_1_157' title='bbox 1472 1998 1503 2066; x_wconf 93' lang='lat' dir='ltr'><strong>in</strong></span> <span class='ocrx_word' id='word_1_158' title='bbox 1518 1994 1712 2085; x_wconf 90' lang='lat' dir='ltr'><strong>quaestioni-</strong></span> 
     </span>
     <span class='ocr_line' id='line_1_16' title="bbox 214 2109 1710 2203; baseline 0 -26"><span class='ocrx_word' id='word_1_159' title='bbox 214 2109 274 2179; x_wconf 92' lang='lat' dir='ltr'><strong>bns</strong></span> <span class='ocrx_word' id='word_1_160' title='bbox 308 2130 393 2179; x_wconf 90' lang='lat' dir='ltr'><strong>nunc</strong></span> <span class='ocrx_word' id='word_1_161' title='bbox 416 2112 557 2200; x_wconf 88' lang='lat' dir='ltr'><strong>primum</strong></span> <span class='ocrx_word' id='word_1_162' title='bbox 579 2133 599 2182; x_wconf 91' lang='lat' dir='ltr'><strong>a</strong></span> <span class='ocrx_word' id='word_1_163' title='bbox 621 2113 713 2183; x_wconf 93' lang='lat' dir='ltr'><strong>nobis</strong></span> <span class='ocrx_word' id='word_1_164' title='bbox 735 2114 829 2183; x_wconf 88' lang='lat' dir='ltr'><strong>editis</strong></span> <span class='ocrx_word' id='word_1_165' title='bbox 850 2114 966 2183; x_wconf 83' lang='lat' dir='ltr'><strong>dinosa</strong></span> <span class='ocrx_word' id='word_1_166' title='bbox 988 2114 1161 2203; x_wconf 80' lang='lat' dir='ltr'><strong>exponitur</strong></span> <span class='ocrx_word' id='word_1_167' title='bbox 1194 2122 1226 2183; x_wconf 91' lang='lat' dir='ltr'><strong>et</strong></span> <span class='ocrx_word' id='word_1_168' title='bbox 1262 2114 1479 2202; x_wconf 88' lang='lat' dir='ltr'><strong>multiplieiter</strong></span> <span class='ocrx_word' id='word_1_169' title='bbox 1513 2113 1710 2183; x_wconf 88' lang='lat' dir='ltr'><strong>illustratur.</strong></span> 
     </span>
     <span class='ocr_line' id='line_1_17' title="bbox 213 2224 1711 2319; baseline 0.001 -27"><span class='ocrx_word' id='word_1_170' title='bbox 213 2224 328 2294; x_wconf 89' lang='lat' dir='ltr'><strong>Notum</strong></span> <span class='ocrx_word' id='word_1_171' title='bbox 350 2237 420 2311; x_wconf 91' lang='lat' dir='ltr'><strong>est,</strong></span> <span class='ocrx_word' id='word_1_172' title='bbox 442 2230 473 2297; x_wconf 87' lang='lat' dir='ltr'><strong>S.</strong></span> <span class='ocrx_word' id='word_1_173' title='bbox 497 2228 750 2299; x_wconf 79' lang='lat' dir='ltr'><strong>bonaventuram</strong></span> <span class='ocrx_word' id='word_1_174' title='bbox 775 2232 806 2299; x_wconf 93' lang='lat' dir='ltr'><strong>in</strong></span> <span class='ocrx_word' id='word_1_175' title='bbox 830 2231 898 2299; x_wconf 88' lang='lat' dir='ltr'><strong>suis</strong></span> <span class='ocrx_word' id='word_1_176' title='bbox 922 2231 1011 2300; x_wconf 90' lang='lat' dir='ltr'><strong>libris</strong></span> <span class='ocrx_word' id='word_1_177' title='bbox 1039 2233 1102 2299; x_wconf 86' lang='lat' dir='ltr'><strong>iam</strong></span> <span class='ocrx_word' id='word_1_178' title='bbox 1125 2232 1219 2301; x_wconf 87' lang='lat' dir='ltr'><strong>editis</strong></span> <span class='ocrx_word' id='word_1_179' title='bbox 1241 2232 1302 2299; x_wconf 87' lang='lat' dir='ltr'><strong>lroc</strong></span> <span class='ocrx_word' id='word_1_180' title='bbox 1324 2230 1510 2319; x_wconf 80' lang='lat' dir='ltr'><strong>cognitionis</strong></span> <span class='ocrx_word' id='word_1_181' title='bbox 1545 2229 1711 2297; x_wconf 86' lang='lat' dir='ltr'><strong>hnmanae</strong></span> 
     </span>
     <span class='ocr_line' id='line_1_18' title="bbox 212 2344 1712 2434; baseline 0.003 -25"><span class='ocrx_word' id='word_1_182' title='bbox 212 2352 409 2413; x_wconf 89' lang='lat' dir='ltr'><strong>momentum</strong></span> <span class='ocrx_word' id='word_1_183' title='bbox 433 2346 617 2434; x_wconf 88' lang='lat' dir='ltr'><strong>particulari</strong></span> <span class='ocrx_word' id='word_1_184' title='bbox 640 2347 780 2434; x_wconf 77' lang='lat' dir='ltr'><strong>quandam</strong></span> <span class='ocrx_word' id='word_1_185' title='bbox 803 2346 909 2415; x_wconf 90' lang='lat' dir='ltr'><strong>studio</strong></span> <span class='ocrx_word' id='word_1_186' title='bbox 942 2357 974 2418; x_wconf 93' lang='lat' dir='ltr'><strong>et</strong></span> <span class='ocrx_word' id='word_1_187' title='bbox 1000 2366 1109 2417; x_wconf 91' lang='lat' dir='ltr'><strong>amore</strong></span> <span class='ocrx_word' id='word_1_188' title='bbox 1134 2354 1306 2430; x_wconf 87' lang='lat' dir='ltr'><strong>tractasse,</strong></span> <span class='ocrx_word' id='word_1_189' title='bbox 1331 2348 1519 2434; x_wconf 89' lang='lat' dir='ltr'><strong>praesertim</strong></span> <span class='ocrx_word' id='word_1_190' title='bbox 1543 2346 1573 2414; x_wconf 94' lang='lat' dir='ltr'><strong>in</strong></span> <span class='ocrx_word' id='word_1_191' title='bbox 1596 2344 1712 2413; x_wconf 88' lang='lat' dir='ltr'><strong>aureis</strong></span> 
     </span>
     <span class='ocr_line' id='line_1_19' title="bbox 212 2460 1714 2551; baseline 0.003 -28"><span class='ocrx_word' id='word_1_192' title='bbox 212 2462 390 2546; x_wconf 88' lang='lat' dir='ltr'><strong>opusculis,</strong></span> <span class='ocrx_word' id='word_1_193' title='bbox 405 2482 488 2551; x_wconf 85' lang='lat' dir='ltr'><strong>quae</strong></span> <span class='ocrx_word' id='word_1_194' title='bbox 511 2464 728 2533; x_wconf 90' lang='lat' dir='ltr'><strong>inscribantur</strong></span> <span class='ocrx_word' id='word_1_195' title='bbox 745 2464 964 2532; x_wconf 82' lang='lat' dir='ltr'><strong>itinerariam</strong></span> <span class='ocrx_word' id='word_1_196' title='bbox 980 2464 1098 2531; x_wconf 74' lang='lat' dir='ltr'><strong>arceatis</strong></span> <span class='ocrx_word' id='word_1_197' title='bbox 1115 2463 1151 2531; x_wconf 84' lang='lat' dir='ltr'><strong>in</strong></span> <span class='ocrx_word' id='word_1_198' title='bbox 1168 2462 1272 2532; x_wconf 87' lang='lat' dir='ltr'><strong>Oeam</strong></span> <span class='ocrx_word' id='word_1_199' title='bbox 1288 2471 1320 2532; x_wconf 93' lang='lat' dir='ltr'><strong>et</strong></span> <span class='ocrx_word' id='word_1_200' title='bbox 1335 2464 1508 2533; x_wconf 79' lang='lat' dir='ltr'><strong>Seraaorrea</strong></span> <span class='ocrx_word' id='word_1_201' title='bbox 1531 2461 1567 2529; x_wconf 84' lang='lat' dir='ltr'><strong>ia</strong></span> <span class='ocrx_word' id='word_1_202' title='bbox 1582 2460 1714 2529; x_wconf 49' lang='lat' dir='ltr'><strong>Hecae&#39;*</strong></span> 
     </span>
     <span class='ocr_line' id='line_1_20' title="bbox 212 2576 1712 2668; baseline 0.001 -25"><span class='ocrx_word' id='word_1_203' title='bbox 212 2595 336 2645; x_wconf 83' lang='lat' dir='ltr'><strong>merca</strong></span> <span class='ocrx_word' id='word_1_204' title='bbox 360 2578 476 2648; x_wconf 86' lang='lat' dir='ltr'><strong>Nollibi</strong></span> <span class='ocrx_word' id='word_1_205' title='bbox 502 2586 609 2649; x_wconf 90' lang='lat' dir='ltr'><strong>autem</strong></span> <span class='ocrx_word' id='word_1_206' title='bbox 634 2582 678 2649; x_wconf 91' lang='lat' dir='ltr'><strong>ita</strong></span> <span class='ocrx_word' id='word_1_207' title='bbox 699 2581 848 2668; x_wconf 81' lang='lat' dir='ltr'><strong>explicite</strong></span> <span class='ocrx_word' id='word_1_208' title='bbox 872 2600 963 2649; x_wconf 93' lang='lat' dir='ltr'><strong>suam</strong></span> <span class='ocrx_word' id='word_1_209' title='bbox 987 2580 1175 2649; x_wconf 72' lang='lat' dir='ltr'><strong>serramiam</strong></span> <span class='ocrx_word' id='word_1_210' title='bbox 1197 2580 1330 2668; x_wconf 79' lang='lat' dir='ltr'><strong>expremit</strong></span> <span class='ocrx_word' id='word_1_211' title='bbox 1352 2587 1384 2648; x_wconf 93' lang='lat' dir='ltr'><strong>et</strong></span> <span class='ocrx_word' id='word_1_212' title='bbox 1411 2580 1545 2667; x_wconf 89' lang='lat' dir='ltr'><strong>probat,</strong></span> <span class='ocrx_word' id='word_1_213' title='bbox 1567 2576 1651 2645; x_wconf 88' lang='lat' dir='ltr'><strong>sicot</strong></span> <span class='ocrx_word' id='word_1_214' title='bbox 1676 2576 1712 2645; x_wconf 93' lang='lat' dir='ltr'><strong>in</strong></span> 
     </span>
     <span class='ocr_line' id='line_1_21' title="bbox 212 2693 1711 2784; baseline -0.001 -22"><span class='ocrx_word' id='word_1_215' title='bbox 212 2694 340 2763; x_wconf 93' lang='lat' dir='ltr'><strong>duobus</strong></span> <span class='ocrx_word' id='word_1_216' title='bbox 355 2696 422 2764; x_wconf 88' lang='lat' dir='ltr'><strong>suis</strong></span> <span class='ocrx_word' id='word_1_217' title='bbox 438 2697 600 2783; x_wconf 87' lang='lat' dir='ltr'><strong>opusculis</strong></span> <span class='ocrx_word' id='word_1_218' title='bbox 623 2696 704 2765; x_wconf 90' lang='lat' dir='ltr'><strong>inlra</strong></span> <span class='ocrx_word' id='word_1_219' title='bbox 728 2697 900 2784; x_wconf 91' lang='lat' dir='ltr'><strong>impressis</strong></span> <span class='ocrx_word' id='word_1_220' title='bbox 924 2698 1012 2783; x_wconf 86' lang='lat' dir='ltr'><strong>Quae</strong></span> <span class='ocrx_word' id='word_1_221' title='bbox 1029 2697 1060 2764; x_wconf 90' lang='lat' dir='ltr'><strong>in</strong></span> <span class='ocrx_word' id='word_1_222' title='bbox 1076 2697 1172 2765; x_wconf 85' lang='lat' dir='ltr'><strong>biset</strong></span> <span class='ocrx_word' id='word_1_223' title='bbox 1188 2696 1218 2763; x_wconf 88' lang='lat' dir='ltr'><strong>in</strong></span> <span class='ocrx_word' id='word_1_224' title='bbox 1236 2696 1400 2765; x_wconf 88' lang='lat' dir='ltr'><strong>itinerario</strong></span> <span class='ocrx_word' id='word_1_225' title='bbox 1416 2694 1530 2763; x_wconf 90' lang='lat' dir='ltr'><strong>mentis</strong></span> <span class='ocrx_word' id='word_1_226' title='bbox 1546 2693 1578 2761; x_wconf 94' lang='lat' dir='ltr'><strong>in</strong></span> <span class='ocrx_word' id='word_1_227' title='bbox 1600 2694 1711 2761; x_wconf 88' lang='lat' dir='ltr'><strong>Deum</strong></span> 
     </span>
     <span class='ocr_line' id='line_1_22' title="bbox 211 2809 1713 2900; baseline 0.001 -21"><span class='ocrx_word' id='word_1_228' title='bbox 211 2817 244 2879; x_wconf 96' lang='lat' dir='ltr'><strong>et</strong></span> <span class='ocrx_word' id='word_1_229' title='bbox 257 2811 287 2878; x_wconf 93' lang='lat' dir='ltr'><strong>in</strong></span> <span class='ocrx_word' id='word_1_230' title='bbox 299 2812 505 2881; x_wconf 81' lang='lat' dir='ltr'><strong>sermonibus</strong></span> <span class='ocrx_word' id='word_1_231' title='bbox 522 2812 552 2880; x_wconf 92' lang='lat' dir='ltr'><strong>in</strong></span> <span class='ocrx_word' id='word_1_232' title='bbox 569 2814 784 2881; x_wconf 79' lang='lat' dir='ltr'><strong>llexaimeron</strong></span> <span class='ocrx_word' id='word_1_233' title='bbox 797 2831 908 2900; x_wconf 90' lang='lat' dir='ltr'><strong>sparsa</strong></span> <span class='ocrx_word' id='word_1_234' title='bbox 923 2819 1008 2895; x_wconf 87' lang='lat' dir='ltr'><strong>sunt,</strong></span> <span class='ocrx_word' id='word_1_235' title='bbox 1020 2831 1058 2882; x_wconf 85' lang='lat' dir='ltr'><strong>ca</strong></span> <span class='ocrx_word' id='word_1_236' title='bbox 1070 2814 1246 2881; x_wconf 88' lang='lat' dir='ltr'><strong>llattlraeus</strong></span> <span class='ocrx_word' id='word_1_237' title='bbox 1256 2813 1298 2880; x_wconf 90' lang='lat' dir='ltr'><strong>ab</strong></span> <span class='ocrx_word' id='word_1_238' title='bbox 1309 2810 1516 2900; x_wconf 74' lang='lat' dir='ltr'><strong>dquasparta</strong></span> <span class='ocrx_word' id='word_1_239' title='bbox 1527 2809 1713 2897; x_wconf 86' lang='lat' dir='ltr'><strong>discipulus</strong></span> 
     </span>
     <span class='ocr_line' id='line_1_23' title="bbox 211 2926 1711 3016; baseline -0.002 -21"><span class='ocrx_word' id='word_1_240' title='bbox 211 2926 374 3014; x_wconf 86' lang='lat' dir='ltr'><strong>Serapbici</strong></span> <span class='ocrx_word' id='word_1_241' title='bbox 393 2927 545 3013; x_wconf 76' lang='lat' dir='ltr'><strong>Octobris,</strong></span> <span class='ocrx_word' id='word_1_242' title='bbox 564 2928 690 3016; x_wconf 81' lang='lat' dir='ltr'><strong>mllegit</strong></span> <span class='ocrx_word' id='word_1_243' title='bbox 705 2935 736 2997; x_wconf 89' lang='lat' dir='ltr'><strong>et</strong></span> <span class='ocrx_word' id='word_1_244' title='bbox 752 2929 817 2999; x_wconf 86' lang='lat' dir='ltr'><strong>lere</strong></span> <span class='ocrx_word' id='word_1_245' title='bbox 841 2928 1033 2997; x_wconf 88' lang='lat' dir='ltr'><strong>verbotenus</strong></span> <span class='ocrx_word' id='word_1_246' title='bbox 1049 2928 1081 2996; x_wconf 95' lang='lat' dir='ltr'><strong>in</strong></span> <span class='ocrx_word' id='word_1_247' title='bbox 1096 2946 1192 2997; x_wconf 91' lang='lat' dir='ltr'><strong>sunm</strong></span> <span class='ocrx_word' id='word_1_248' title='bbox 1209 2946 1304 2997; x_wconf 90' lang='lat' dir='ltr'><strong>usum</strong></span> <span class='ocrx_word' id='word_1_249' title='bbox 1320 2927 1484 2996; x_wconf 82' lang='lat' dir='ltr'><strong>convertit</strong></span> <span class='ocrx_word' id='word_1_250' title='bbox 1505 2926 1582 2994; x_wconf 91' lang='lat' dir='ltr'><strong>llira</strong></span> <span class='ocrx_word' id='word_1_251' title='bbox 1596 2931 1711 2993; x_wconf 88' lang='lat' dir='ltr'><strong>autem</strong></span> 
     </span>
     <span class='ocr_line' id='line_1_24' title="bbox 212 3039 1711 3132; baseline -0.003 -21"><span class='ocrx_word' id='word_1_252' title='bbox 212 3044 437 3130; x_wconf 86' lang='lat' dir='ltr'><strong>perspicuitate</strong></span> <span class='ocrx_word' id='word_1_253' title='bbox 460 3044 602 3131; x_wconf 80' lang='lat' dir='ltr'><strong>magistri</strong></span> <span class='ocrx_word' id='word_1_254' title='bbox 626 3044 675 3112; x_wconf 91' lang='lat' dir='ltr'><strong>sui</strong></span> <span class='ocrx_word' id='word_1_255' title='bbox 700 3044 886 3113; x_wconf 88' lang='lat' dir='ltr'><strong>sententiam</strong></span> <span class='ocrx_word' id='word_1_256' title='bbox 912 3044 942 3111; x_wconf 92' lang='lat' dir='ltr'><strong>in</strong></span> <span class='ocrx_word' id='word_1_257' title='bbox 966 3045 1149 3132; x_wconf 86' lang='lat' dir='ltr'><strong>quaestione</strong></span> <span class='ocrx_word' id='word_1_258' title='bbox 1175 3045 1216 3112; x_wconf 88' lang='lat' dir='ltr'><strong>de</strong></span> <span class='ocrx_word' id='word_1_259' title='bbox 1243 3044 1303 3113; x_wconf 89' lang='lat' dir='ltr'><strong>baa</strong></span> <span class='ocrx_word' id='word_1_260' title='bbox 1324 3062 1358 3112; x_wconf 87' lang='lat' dir='ltr'><strong>re</strong></span> <span class='ocrx_word' id='word_1_261' title='bbox 1374 3044 1525 3130; x_wconf 76' lang='lat' dir='ltr'><strong>inscripta</strong></span> <span class='ocrx_word' id='word_1_262' title='bbox 1544 3039 1711 3128; x_wconf 88' lang='lat' dir='ltr'><strong>exposuit,</strong></span> 
     </span>
     <span class='ocr_line' id='line_1_25' title="bbox 211 3156 1713 3247; baseline -0.001 -21"><span class='ocrx_word' id='word_1_263' title='bbox 211 3176 283 3227; x_wconf 90' lang='lat' dir='ltr'><strong>eam</strong></span> <span class='ocrx_word' id='word_1_264' title='bbox 319 3160 505 3229; x_wconf 73' lang='lat' dir='ltr'><strong>testimoniis</strong></span> <span class='ocrx_word' id='word_1_265' title='bbox 539 3178 580 3228; x_wconf 80' lang='lat' dir='ltr'><strong>ea</strong></span> <span class='ocrx_word' id='word_1_266' title='bbox 614 3160 645 3227; x_wconf 89' lang='lat' dir='ltr'><strong>S.</strong></span> <span class='ocrx_word' id='word_1_267' title='bbox 681 3159 854 3245; x_wconf 77' lang='lat' dir='ltr'><strong>lugctstino</strong></span> <span class='ocrx_word' id='word_1_268' title='bbox 877 3159 1074 3247; x_wconf 86' lang='lat' dir='ltr'><strong>depromptis</strong></span> <span class='ocrx_word' id='word_1_269' title='bbox 1096 3160 1315 3242; x_wconf 81' lang='lat' dir='ltr'><strong>consumavit,</strong></span> <span class='ocrx_word' id='word_1_270' title='bbox 1339 3166 1412 3227; x_wconf 90' lang='lat' dir='ltr'><strong>eta</strong></span> <span class='ocrx_word' id='word_1_271' title='bbox 1446 3157 1593 3246; x_wconf 91' lang='lat' dir='ltr'><strong>plurimis</strong></span> <span class='ocrx_word' id='word_1_272' title='bbox 1622 3156 1713 3225; x_wconf 89' lang='lat' dir='ltr'><strong>obie-</strong></span> 
     </span>
     <span class='ocr_line' id='line_1_26' title="bbox 212 3271 1710 3362; baseline -0.002 -19"><span class='ocrx_word' id='word_1_273' title='bbox 212 3275 370 3345; x_wconf 89' lang='lat' dir='ltr'><strong>ctionibus</strong></span> <span class='ocrx_word' id='word_1_274' title='bbox 392 3275 547 3357; x_wconf 80' lang='lat' dir='ltr'><strong>defendit,</strong></span> <span class='ocrx_word' id='word_1_275' title='bbox 570 3283 607 3342; x_wconf 91' lang='lat' dir='ltr'><strong>ut</strong></span> <span class='ocrx_word' id='word_1_276' title='bbox 630 3274 803 3344; x_wconf 82' lang='lat' dir='ltr'><strong>benevolus</strong></span> <span class='ocrx_word' id='word_1_277' title='bbox 827 3275 925 3343; x_wconf 91' lang='lat' dir='ltr'><strong>lector</strong></span> <span class='ocrx_word' id='word_1_278' title='bbox 949 3276 1005 3342; x_wconf 85' lang='lat' dir='ltr'><strong>rix</strong></span> <span class='ocrx_word' id='word_1_279' title='bbox 1028 3274 1148 3362; x_wconf 81' lang='lat' dir='ltr'><strong>aliquid</strong></span> <span class='ocrx_word' id='word_1_280' title='bbox 1172 3275 1311 3362; x_wconf 90' lang='lat' dir='ltr'><strong>amplius</strong></span> <span class='ocrx_word' id='word_1_281' title='bbox 1334 3274 1518 3343; x_wconf 87' lang='lat' dir='ltr'><strong>desiderare</strong></span> <span class='ocrx_word' id='word_1_282' title='bbox 1541 3271 1642 3360; x_wconf 89' lang='lat' dir='ltr'><strong>possit</strong></span> <span class='ocrx_word' id='word_1_283' title='bbox 1666 3272 1710 3341; x_wconf 85' lang='lat' dir='ltr'><strong>acl</strong></span> 
     </span>
     <span class='ocr_line' id='line_1_27' title="bbox 211 3388 1709 3478; baseline -0.002 -19"><span class='ocrx_word' id='word_1_284' title='bbox 211 3393 350 3477; x_wconf 80' lang='lat' dir='ltr'><strong>perfecte</strong></span> <span class='ocrx_word' id='word_1_285' title='bbox 372 3390 560 3460; x_wconf 80' lang='lat' dir='ltr'><strong>sententiani</strong></span> <span class='ocrx_word' id='word_1_286' title='bbox 583 3390 744 3477; x_wconf 86' lang='lat' dir='ltr'><strong>Seraplrici</strong></span> <span class='ocrx_word' id='word_1_287' title='bbox 767 3392 1009 3478; x_wconf 82' lang='lat' dir='ltr'><strong>assequendam.</strong></span> <span class='ocrx_word' id='word_1_288' title='bbox 1034 3390 1213 3459; x_wconf 76' lang='lat' dir='ltr'><strong>talieeinms</strong></span> <span class='ocrx_word' id='word_1_289' title='bbox 1236 3397 1341 3459; x_wconf 75' lang='lat' dir='ltr'><strong>marren</strong></span> <span class='ocrx_word' id='word_1_290' title='bbox 1365 3388 1534 3457; x_wconf 82' lang='lat' dir='ltr'><strong>nonnullas</strong></span> <span class='ocrx_word' id='word_1_291' title='bbox 1560 3388 1709 3457; x_wconf 89' lang='lat' dir='ltr'><strong>eiusdem</strong></span> 
     </span>
     <span class='ocr_line' id='line_1_28' title="bbox 211 3506 1710 3595; baseline -0.001 -19"><span class='ocrx_word' id='word_1_292' title='bbox 211 3508 434 3595; x_wconf 76' lang='lat' dir='ltr'><strong>quaestiones,</strong></span> <span class='ocrx_word' id='word_1_293' title='bbox 450 3506 616 3594; x_wconf 84' lang='lat' dir='ltr'><strong>inquibus</strong></span> <span class='ocrx_word' id='word_1_294' title='bbox 638 3506 815 3574; x_wconf 83' lang='lat' dir='ltr'><strong>doctrinam</strong></span> <span class='ocrx_word' id='word_1_295' title='bbox 838 3507 968 3594; x_wconf 84' lang='lat' dir='ltr'><strong>quidem</strong></span> <span class='ocrx_word' id='word_1_296' title='bbox 991 3506 1242 3594; x_wconf 77' lang='lat' dir='ltr'><strong>eaerraplare&#39;snri</strong></span> <span class='ocrx_word' id='word_1_297' title='bbox 1268 3513 1391 3574; x_wconf 84' lang='lat' dir='ltr'><strong>tantum</strong></span> <span class='ocrx_word' id='word_1_298' title='bbox 1414 3506 1517 3573; x_wconf 83' lang='lat' dir='ltr'><strong>obiter</strong></span> <span class='ocrx_word' id='word_1_299' title='bbox 1540 3506 1710 3593; x_wconf 92' lang='lat' dir='ltr'><strong>proponit,</strong></span> 
     </span>
     <span class='ocr_line' id='line_1_29' title="bbox 212 3622 1710 3710; baseline -0.001 -19"><span class='ocrx_word' id='word_1_300' title='bbox 212 3633 261 3693; x_wconf 90' lang='lat' dir='ltr'><strong>ast</strong></span> <span class='ocrx_word' id='word_1_301' title='bbox 294 3643 415 3693; x_wconf 83' lang='lat' dir='ltr'><strong>nexmn</strong></span> <span class='ocrx_word' id='word_1_302' title='bbox 446 3622 635 3703; x_wconf 76' lang='lat' dir='ltr'><strong>manifestat,</strong></span> <span class='ocrx_word' id='word_1_303' title='bbox 665 3640 762 3710; x_wconf 90' lang='lat' dir='ltr'><strong>quem</strong></span> <span class='ocrx_word' id='word_1_304' title='bbox 791 3623 858 3709; x_wconf 81' lang='lat' dir='ltr'><strong>ipsa</strong></span> <span class='ocrx_word' id='word_1_305' title='bbox 889 3622 984 3691; x_wconf 88' lang='lat' dir='ltr'><strong>habet</strong></span> <span class='ocrx_word' id='word_1_306' title='bbox 1007 3642 1081 3691; x_wconf 83' lang='lat' dir='ltr'><strong>cunr</strong></span> <span class='ocrx_word' id='word_1_307' title='bbox 1112 3623 1183 3691; x_wconf 90' lang='lat' dir='ltr'><strong>aliis</strong></span> <span class='ocrx_word' id='word_1_308' title='bbox 1218 3622 1414 3691; x_wconf 84' lang='lat' dir='ltr'><strong>veritatibus.</strong></span> <span class='ocrx_word' id='word_1_309' title='bbox 1444 3622 1529 3690; x_wconf 70' lang='lat' dir='ltr'><strong>¹llios</strong></span> <span class='ocrx_word' id='word_1_310' title='bbox 1558 3628 1710 3689; x_wconf 79' lang='lat' dir='ltr'><strong>aurwres</strong></span> 
     </span>
     <span class='ocr_line' id='line_1_30' title="bbox 212 3737 1711 3828; baseline 0.001 -20"><span class='ocrx_word' id='word_1_311' title='bbox 212 3741 356 3809; x_wconf 92' lang='lat' dir='ltr'><strong>eiusdem</strong></span> <span class='ocrx_word' id='word_1_312' title='bbox 379 3739 508 3809; x_wconf 89' lang='lat' dir='ltr'><strong>Ordinis</strong></span> <span class='ocrx_word' id='word_1_313' title='bbox 530 3745 562 3808; x_wconf 91' lang='lat' dir='ltr'><strong>et</strong></span> <span class='ocrx_word' id='word_1_314' title='bbox 583 3740 696 3807; x_wconf 79' lang='lat' dir='ltr'><strong>aetatis</strong></span> <span class='ocrx_word' id='word_1_315' title='bbox 717 3739 968 3828; x_wconf 86' lang='lat' dir='ltr'><strong>adscripsimus,</strong></span> <span class='ocrx_word' id='word_1_316' title='bbox 992 3746 1027 3807; x_wconf 91' lang='lat' dir='ltr'><strong>ut</strong></span> <span class='ocrx_word' id='word_1_317' title='bbox 1050 3757 1239 3808; x_wconf 90' lang='lat' dir='ltr'><strong>consensum</strong></span> <span class='ocrx_word' id='word_1_318' title='bbox 1263 3740 1412 3827; x_wconf 82' lang='lat' dir='ltr'><strong>antiquae</strong></span> <span class='ocrx_word' id='word_1_319' title='bbox 1427 3739 1554 3807; x_wconf 88' lang='lat' dir='ltr'><strong>selrolao</strong></span> <span class='ocrx_word' id='word_1_320' title='bbox 1576 3737 1711 3809; x_wconf 88' lang='lat' dir='ltr'><strong>Ordinis</strong></span> 
     </span>
     <span class='ocr_line' id='line_1_31' title="bbox 212 3853 1710 3943; baseline -0.001 -20"><span class='ocrx_word' id='word_1_321' title='bbox 212 3857 368 3925; x_wconf 88' lang='lat' dir='ltr'><strong>llinorum</strong></span> <span class='ocrx_word' id='word_1_322' title='bbox 391 3857 487 3925; x_wconf 91' lang='lat' dir='ltr'><strong>etiam</strong></span> <span class='ocrx_word' id='word_1_323' title='bbox 512 3856 541 3923; x_wconf 95' lang='lat' dir='ltr'><strong>in</strong></span> <span class='ocrx_word' id='word_1_324' title='bbox 568 3855 662 3923; x_wconf 87' lang='lat' dir='ltr'><strong>nrndo</strong></span> <span class='ocrx_word' id='word_1_325' title='bbox 685 3854 836 3942; x_wconf 84' lang='lat' dir='ltr'><strong>loqrrencli</strong></span> <span class='ocrx_word' id='word_1_326' title='bbox 857 3856 1109 3924; x_wconf 89' lang='lat' dir='ltr'><strong>ostenderemus.</strong></span> <span class='ocrx_word' id='word_1_327' title='bbox 1138 3855 1316 3923; x_wconf 86' lang='lat' dir='ltr'><strong>lliclrardns</strong></span> <span class='ocrx_word' id='word_1_328' title='bbox 1338 3854 1468 3943; x_wconf 89' lang='lat' dir='ltr'><strong>quidem</strong></span> <span class='ocrx_word' id='word_1_329' title='bbox 1492 3853 1710 3922; x_wconf 83' lang='lat' dir='ltr'><strong>allodiaeilla</strong></span> 
     </span>
     <span class='ocr_line' id='line_1_32' title="bbox 213 3970 1710 4060; baseline -0.002 -22"><span class='ocrx_word' id='word_1_330' title='bbox 213 3972 243 4038; x_wconf 93' lang='lat' dir='ltr'><strong>in</strong></span> <span class='ocrx_word' id='word_1_331' title='bbox 260 3990 319 4041; x_wconf 91' lang='lat' dir='ltr'><strong>sna</strong></span> <span class='ocrx_word' id='word_1_332' title='bbox 334 3971 518 4060; x_wconf 89' lang='lat' dir='ltr'><strong>quaestione</strong></span> <span class='ocrx_word' id='word_1_333' title='bbox 533 3989 596 4037; x_wconf 78' lang='lat' dir='ltr'><strong>raon</strong></span> <span class='ocrx_word' id='word_1_334' title='bbox 614 3972 752 4039; x_wconf 87' lang='lat' dir='ltr'><strong>recurrit</strong></span> <span class='ocrx_word' id='word_1_335' title='bbox 766 3971 806 4040; x_wconf 93' lang='lat' dir='ltr'><strong>ad</strong></span> <span class='ocrx_word' id='word_1_336' title='bbox 825 3970 1101 4037; x_wconf 83' lang='lat' dir='ltr'><strong>illuminationem</strong></span> <span class='ocrx_word' id='word_1_337' title='bbox 1117 3970 1346 4038; x_wconf 82' lang='lat' dir='ltr'><strong>irrrrnediatanr</strong></span> <span class='ocrx_word' id='word_1_338' title='bbox 1368 3970 1547 4038; x_wconf 90' lang='lat' dir='ltr'><strong>intellectus</strong></span> <span class='ocrx_word' id='word_1_339' title='bbox 1562 3970 1710 4051; x_wconf 88' lang='lat' dir='ltr'><strong>immani,</strong></span> 
     </span>
     <span class='ocr_line' id='line_1_33' title="bbox 211 4086 1711 4175; baseline -0.002 -20"><span class='ocrx_word' id='word_1_340' title='bbox 211 4108 295 4175; x_wconf 81' lang='lat' dir='ltr'><strong>arrae</strong></span> <span class='ocrx_word' id='word_1_341' title='bbox 317 4089 353 4156; x_wconf 88' lang='lat' dir='ltr'><strong>lit</strong></span> <span class='ocrx_word' id='word_1_342' title='bbox 375 4106 395 4155; x_wconf 89' lang='lat' dir='ltr'><strong>a</strong></span> <span class='ocrx_word' id='word_1_343' title='bbox 417 4086 521 4175; x_wconf 92' lang='lat' dir='ltr'><strong>prima</strong></span> <span class='ocrx_word' id='word_1_344' title='bbox 544 4086 698 4167; x_wconf 82' lang='lat' dir='ltr'><strong>veritate,</strong></span> <span class='ocrx_word' id='word_1_345' title='bbox 722 4094 827 4154; x_wconf 75' lang='lat' dir='ltr'><strong>marren</strong></span> <span class='ocrx_word' id='word_1_346' title='bbox 849 4086 1073 4155; x_wconf 80' lang='lat' dir='ltr'><strong>calstantiam</strong></span> <span class='ocrx_word' id='word_1_347' title='bbox 1098 4087 1195 4155; x_wconf 89' lang='lat' dir='ltr'><strong>buius</strong></span> <span class='ocrx_word' id='word_1_348' title='bbox 1218 4086 1399 4168; x_wconf 89' lang='lat' dir='ltr'><strong>doctrinae,</strong></span> <span class='ocrx_word' id='word_1_349' title='bbox 1421 4104 1536 4173; x_wconf 90' lang='lat' dir='ltr'><strong>nempe</strong></span> <span class='ocrx_word' id='word_1_350' title='bbox 1558 4104 1711 4173; x_wconf 89' lang='lat' dir='ltr'><strong>coopera-</strong></span> 
     </span>
     <span class='ocr_line' id='line_1_34' title="bbox 213 4203 1709 4291; baseline -0.002 -17"><span class='ocrx_word' id='word_1_351' title='bbox 213 4206 330 4275; x_wconf 90' lang='lat' dir='ltr'><strong>tionem</strong></span> <span class='ocrx_word' id='word_1_352' title='bbox 353 4205 492 4273; x_wconf 86' lang='lat' dir='ltr'><strong>dirinam</strong></span> <span class='ocrx_word' id='word_1_353' title='bbox 516 4204 557 4271; x_wconf 89' lang='lat' dir='ltr'><strong>ad</strong></span> <span class='ocrx_word' id='word_1_354' title='bbox 580 4210 671 4271; x_wconf 84' lang='lat' dir='ltr'><strong>actrts</strong></span> <span class='ocrx_word' id='word_1_355' title='bbox 694 4203 921 4272; x_wconf 87' lang='lat' dir='ltr'><strong>intellectuales</strong></span> <span class='ocrx_word' id='word_1_356' title='bbox 942 4223 999 4290; x_wconf 91' lang='lat' dir='ltr'><strong>per</strong></span> <span class='ocrx_word' id='word_1_357' title='bbox 1023 4222 1213 4272; x_wconf 80' lang='lat' dir='ltr'><strong>concarrsnm</strong></span> <span class='ocrx_word' id='word_1_358' title='bbox 1238 4204 1437 4291; x_wconf 87' lang='lat' dir='ltr'><strong>generalem,</strong></span> <span class='ocrx_word' id='word_1_359' title='bbox 1453 4223 1526 4273; x_wconf 85' lang='lat' dir='ltr'><strong>curn</strong></span> <span class='ocrx_word' id='word_1_360' title='bbox 1542 4204 1709 4273; x_wconf 83' lang='lat' dir='ltr'><strong>corannuni</strong></span> 
     </span>
     <span class='ocr_line' id='line_1_35' title="bbox 211 4319 1526 4406; baseline -0.004 -16"><span class='ocrx_word' id='word_1_361' title='bbox 211 4322 366 4391; x_wconf 90' lang='lat' dir='ltr'><strong>sententia</strong></span> <span class='ocrx_word' id='word_1_362' title='bbox 387 4320 526 4389; x_wconf 89' lang='lat' dir='ltr'><strong>admittit</strong></span> <span class='ocrx_word' id='word_1_363' title='bbox 545 4326 641 4406; x_wconf 80' lang='lat' dir='ltr'><strong>atque</strong></span> <span class='ocrx_word' id='word_1_364' title='bbox 663 4319 832 4386; x_wconf 89' lang='lat' dir='ltr'><strong>nonnullas</strong></span> <span class='ocrx_word' id='word_1_365' title='bbox 854 4319 1072 4387; x_wconf 90' lang='lat' dir='ltr'><strong>annotationes</strong></span> <span class='ocrx_word' id='word_1_366' title='bbox 1094 4319 1190 4387; x_wconf 86' lang='lat' dir='ltr'><strong>babet</strong></span> <span class='ocrx_word' id='word_1_367' title='bbox 1212 4320 1382 4388; x_wconf 89' lang='lat' dir='ltr'><strong>attentione</strong></span> <span class='ocrx_word' id='word_1_368' title='bbox 1405 4319 1526 4406; x_wconf 89' lang='lat' dir='ltr'><strong>dignas.</strong></span> 
     </span>
     <span class='ocr_line' id='line_1_36' title="bbox 300 4434 1711 4525; baseline -0.001 -21"><span class='ocrx_word' id='word_1_369' title='bbox 300 4438 523 4525; x_wconf 89' lang='lat' dir='ltr'><strong>Opportunum</strong></span> <span class='ocrx_word' id='word_1_370' title='bbox 545 4443 653 4503; x_wconf 89' lang='lat' dir='ltr'><strong>autem</strong></span> <span class='ocrx_word' id='word_1_371' title='bbox 676 4440 709 4503; x_wconf 92' lang='lat' dir='ltr'><strong>et</strong></span> <span class='ocrx_word' id='word_1_372' title='bbox 732 4435 840 4503; x_wconf 88' lang='lat' dir='ltr'><strong>leotari</strong></span> <span class='ocrx_word' id='word_1_373' title='bbox 864 4440 989 4522; x_wconf 90' lang='lat' dir='ltr'><strong>gratnm</strong></span> <span class='ocrx_word' id='word_1_374' title='bbox 1006 4436 1074 4503; x_wconf 88' lang='lat' dir='ltr'><strong>lore</strong></span> <span class='ocrx_word' id='word_1_375' title='bbox 1096 4434 1290 4521; x_wconf 89' lang='lat' dir='ltr'><strong>putarimus,</strong></span> <span class='ocrx_word' id='word_1_376' title='bbox 1313 4435 1399 4524; x_wconf 64' lang='lat' dir='ltr'><strong>carrad</strong></span> <span class='ocrx_word' id='word_1_377' title='bbox 1423 4434 1455 4503; x_wconf 93' lang='lat' dir='ltr'><strong>in</strong></span> <span class='ocrx_word' id='word_1_378' title='bbox 1479 4435 1539 4503; x_wconf 80' lang='lat' dir='ltr'><strong>liae</strong></span> <span class='ocrx_word' id='word_1_379' title='bbox 1558 4434 1711 4503; x_wconf 79' lang='lat' dir='ltr'><strong>disserta-</strong></span> 
     </span>
     <span class='ocr_line' id='line_1_37' title="bbox 212 4550 1709 4639; baseline -0.002 -16"><span class='ocrx_word' id='word_1_380' title='bbox 212 4556 296 4624; x_wconf 89' lang='lat' dir='ltr'><strong>tione</strong></span> <span class='ocrx_word' id='word_1_381' title='bbox 313 4552 491 4623; x_wconf 90' lang='lat' dir='ltr'><strong>testimonia</strong></span> <span class='ocrx_word' id='word_1_382' title='bbox 505 4550 730 4639; x_wconf 87' lang='lat' dir='ltr'><strong>principaliora</strong></span> <span class='ocrx_word' id='word_1_383' title='bbox 746 4550 786 4618; x_wconf 92' lang='lat' dir='ltr'><strong>de</strong></span> <span class='ocrx_word' id='word_1_384' title='bbox 801 4550 1055 4637; x_wconf 81' lang='lat' dir='ltr'><strong>eaernplarianro</strong></span> <span class='ocrx_word' id='word_1_385' title='bbox 1067 4550 1289 4637; x_wconf 87' lang='lat' dir='ltr'><strong>collegerimus</strong></span> <span class='ocrx_word' id='word_1_386' title='bbox 1304 4551 1485 4637; x_wconf 79' lang='lat' dir='ltr'><strong>exscriptis</strong></span> <span class='ocrx_word' id='word_1_387' title='bbox 1500 4550 1709 4638; x_wconf 83' lang='lat' dir='ltr'><strong>antiquorum</strong></span> 
     </span>
     <span class='ocr_line' id='line_1_38' title="bbox 212 4666 1708 4756; baseline -0.002 -17"><span class='ocrx_word' id='word_1_388' title='bbox 212 4672 340 4739; x_wconf 92' lang='lat' dir='ltr'><strong>illorum</strong></span> <span class='ocrx_word' id='word_1_389' title='bbox 366 4670 602 4756; x_wconf 88' lang='lat' dir='ltr'><strong>magistrorum.</strong></span> <span class='ocrx_word' id='word_1_390' title='bbox 628 4666 711 4736; x_wconf 83' lang='lat' dir='ltr'><strong>Viris</strong></span> <span class='ocrx_word' id='word_1_391' title='bbox 734 4666 864 4754; x_wconf 77' lang='lat' dir='ltr'><strong>uiridem</strong></span> <span class='ocrx_word' id='word_1_392' title='bbox 888 4668 919 4734; x_wconf 89' lang='lat' dir='ltr'><strong>in</strong></span> <span class='ocrx_word' id='word_1_393' title='bbox 943 4666 1087 4735; x_wconf 89' lang='lat' dir='ltr'><strong>doctrina</strong></span> <span class='ocrx_word' id='word_1_394' title='bbox 1103 4667 1370 4735; x_wconf 87' lang='lat' dir='ltr'><strong>Sclrolasticornm</strong></span> <span class='ocrx_word' id='word_1_395' title='bbox 1387 4667 1521 4735; x_wconf 79' lang='lat' dir='ltr'><strong>versatis</strong></span> <span class='ocrx_word' id='word_1_396' title='bbox 1536 4666 1614 4734; x_wconf 91' lang='lat' dir='ltr'><strong>nibil</strong></span> <span class='ocrx_word' id='word_1_397' title='bbox 1630 4670 1708 4737; x_wconf 81' lang='lat' dir='ltr'><strong>nori</strong></span> 
     </span>
     <span class='ocr_line' id='line_1_39' title="bbox 213 4781 1712 4875; baseline 0.001 -21"><span class='ocrx_word' id='word_1_398' title='bbox 213 4788 404 4875; x_wconf 87' lang='lat' dir='ltr'><strong>prolerinms</strong></span> <span class='ocrx_word' id='word_1_399' title='bbox 417 4811 426 4867; x_wconf 92' lang='lat'>;</span> <span class='ocrx_word' id='word_1_400' title='bbox 450 4784 557 4852; x_wconf 91' lang='lat' dir='ltr'><strong>minus</strong></span> <span class='ocrx_word' id='word_1_401' title='bbox 580 4791 687 4851; x_wconf 91' lang='lat' dir='ltr'><strong>autem</strong></span> <span class='ocrx_word' id='word_1_402' title='bbox 712 4783 744 4850; x_wconf 92' lang='lat' dir='ltr'><strong>in</strong></span> <span class='ocrx_word' id='word_1_403' title='bbox 768 4783 878 4850; x_wconf 87' lang='lat' dir='ltr'><strong>eadem</strong></span> <span class='ocrx_word' id='word_1_404' title='bbox 903 4783 1045 4869; x_wconf 84' lang='lat' dir='ltr'><strong>expertis</strong></span> <span class='ocrx_word' id='word_1_405' title='bbox 1069 4781 1199 4869; x_wconf 90' lang='lat' dir='ltr'><strong>plurimi</strong></span> <span class='ocrx_word' id='word_1_406' title='bbox 1223 4784 1256 4850; x_wconf 86' lang='lat' dir='ltr'><strong>lri</strong></span> <span class='ocrx_word' id='word_1_407' title='bbox 1281 4782 1356 4865; x_wconf 85' lang='lat' dir='ltr'><strong>loci,</strong></span> <span class='ocrx_word' id='word_1_408' title='bbox 1380 4782 1411 4850; x_wconf 95' lang='lat' dir='ltr'><strong>in</strong></span> <span class='ocrx_word' id='word_1_409' title='bbox 1435 4801 1499 4850; x_wconf 94' lang='lat' dir='ltr'><strong>uno</strong></span> <span class='ocrx_word' id='word_1_410' title='bbox 1533 4793 1712 4870; x_wconf 88' lang='lat' dir='ltr'><strong>conspectu</strong></span> 
     </span>
     <span class='ocr_line' id='line_1_40' title="bbox 211 4899 1710 4991; baseline -0.001 -19"><span class='ocrx_word' id='word_1_411' title='bbox 211 4905 315 4991; x_wconf 88' lang='lat' dir='ltr'><strong>positi,</strong></span> <span class='ocrx_word' id='word_1_412' title='bbox 338 4903 518 4971; x_wconf 90' lang='lat' dir='ltr'><strong>subsidium</strong></span> <span class='ocrx_word' id='word_1_413' title='bbox 541 4903 626 4970; x_wconf 89' lang='lat' dir='ltr'><strong>lerre</strong></span> <span class='ocrx_word' id='word_1_414' title='bbox 649 4918 742 4988; x_wconf 91' lang='lat' dir='ltr'><strong>posse</strong></span> <span class='ocrx_word' id='word_1_415' title='bbox 764 4900 976 4981; x_wconf 79' lang='lat' dir='ltr'><strong>confidimus,</strong></span> <span class='ocrx_word' id='word_1_416' title='bbox 998 4904 1034 4966; x_wconf 92' lang='lat' dir='ltr'><strong>ul</strong></span> <span class='ocrx_word' id='word_1_417' title='bbox 1056 4899 1278 4986; x_wconf 83' lang='lat' dir='ltr'><strong>gravissimam</strong></span> <span class='ocrx_word' id='word_1_418' title='bbox 1303 4918 1369 4968; x_wconf 89' lang='lat' dir='ltr'><strong>rem</strong></span> <span class='ocrx_word' id='word_1_419' title='bbox 1403 4900 1527 4967; x_wconf 82' lang='lat' dir='ltr'><strong>lucilius</strong></span> <span class='ocrx_word' id='word_1_420' title='bbox 1560 4908 1592 4969; x_wconf 90' lang='lat' dir='ltr'><strong>et</strong></span> <span class='ocrx_word' id='word_1_421' title='bbox 1613 4919 1710 4971; x_wconf 88' lang='lat' dir='ltr'><strong>accu-</strong></span> 
     </span>
     <span class='ocr_line' id='line_1_41' title="bbox 212 5017 1711 5105; baseline 0.001 -17"><span class='ocrx_word' id='word_1_422' title='bbox 212 5022 312 5089; x_wconf 89' lang='lat' dir='ltr'><strong>ratius</strong></span> <span class='ocrx_word' id='word_1_423' title='bbox 336 5020 519 5105; x_wconf 88' lang='lat' dir='ltr'><strong>intelligant.</strong></span> <span class='ocrx_word' id='word_1_424' title='bbox 543 5019 709 5086; x_wconf 83' lang='lat' dir='ltr'><strong>Praeterea</strong></span> <span class='ocrx_word' id='word_1_425' title='bbox 731 5018 837 5085; x_wconf 86' lang='lat' dir='ltr'><strong>anirrro</strong></span> <span class='ocrx_word' id='word_1_426' title='bbox 861 5017 1055 5085; x_wconf 90' lang='lat' dir='ltr'><strong>intendimus</strong></span> <span class='ocrx_word' id='word_1_427' title='bbox 1078 5017 1138 5083; x_wconf 84' lang='lat' dir='ltr'><strong>lroc</strong></span> <span class='ocrx_word' id='word_1_428' title='bbox 1161 5017 1316 5102; x_wconf 73' lang='lat' dir='ltr'><strong>optcrscnlo</strong></span> <span class='ocrx_word' id='word_1_429' title='bbox 1346 5018 1534 5099; x_wconf 90' lang='lat' dir='ltr'><strong>ostendere,</strong></span> <span class='ocrx_word' id='word_1_430' title='bbox 1559 5024 1628 5085; x_wconf 90' lang='lat' dir='ltr'><strong>tum</strong></span> <span class='ocrx_word' id='word_1_431' title='bbox 1651 5018 1711 5089; x_wconf 84' lang='lat' dir='ltr'><strong>do</strong></span> 
     </span>
     <span class='ocr_line' id='line_1_42' title="bbox 211 5134 1708 5220; baseline 0 -15"><span class='ocrx_word' id='word_1_432' title='bbox 211 5138 344 5206; x_wconf 88' lang='lat' dir='ltr'><strong>ctrinam</strong></span> <span class='ocrx_word' id='word_1_433' title='bbox 381 5136 412 5204; x_wconf 90' lang='lat' dir='ltr'><strong>in</strong></span> <span class='ocrx_word' id='word_1_434' title='bbox 448 5136 498 5203; x_wconf 90' lang='lat' dir='ltr'><strong>lris</strong></span> <span class='ocrx_word' id='word_1_435' title='bbox 531 5135 692 5205; x_wconf 89' lang='lat' dir='ltr'><strong>anecdotis</strong></span> <span class='ocrx_word' id='word_1_436' title='bbox 715 5134 863 5202; x_wconf 86' lang='lat' dir='ltr'><strong>traditam</strong></span> <span class='ocrx_word' id='word_1_437' title='bbox 888 5135 1057 5203; x_wconf 78' lang='lat' dir='ltr'><strong>convenire</strong></span> <span class='ocrx_word' id='word_1_438' title='bbox 1087 5152 1160 5201; x_wconf 90' lang='lat' dir='ltr'><strong>cnm</strong></span> <span class='ocrx_word' id='word_1_439' title='bbox 1186 5134 1223 5203; x_wconf 93' lang='lat' dir='ltr'><strong>iis</strong></span> <span class='ocrx_word' id='word_1_440' title='bbox 1246 5153 1328 5220; x_wconf 75' lang='lat' dir='ltr'><strong>(purae</strong></span> <span class='ocrx_word' id='word_1_441' title='bbox 1363 5136 1392 5201; x_wconf 85' lang='lat' dir='ltr'><strong>S.</strong></span> <span class='ocrx_word' id='word_1_442' title='bbox 1417 5135 1637 5204; x_wconf 79' lang='lat' dir='ltr'><strong>llonaventura</strong></span> <span class='ocrx_word' id='word_1_443' title='bbox 1673 5136 1708 5205; x_wconf 95' lang='lat' dir='ltr'><strong>in</strong></span> 
     </span>
     <span class='ocr_line' id='line_1_43' title="bbox 211 5252 1709 5339; baseline 0.001 -17"><span class='ocrx_word' id='word_1_444' title='bbox 211 5254 282 5323; x_wconf 88' lang='lat' dir='ltr'><strong>aliis</strong></span> <span class='ocrx_word' id='word_1_445' title='bbox 304 5254 371 5323; x_wconf 89' lang='lat' dir='ltr'><strong>suis</strong></span> <span class='ocrx_word' id='word_1_446' title='bbox 395 5253 484 5322; x_wconf 87' lang='lat' dir='ltr'><strong>libris</strong></span> <span class='ocrx_word' id='word_1_447' title='bbox 507 5261 687 5323; x_wconf 88' lang='lat' dir='ltr'><strong>constanter</strong></span> <span class='ocrx_word' id='word_1_448' title='bbox 722 5253 833 5335; x_wconf 78' lang='lat' dir='ltr'><strong>docet,</strong></span> <span class='ocrx_word' id='word_1_449' title='bbox 869 5259 936 5320; x_wconf 93' lang='lat' dir='ltr'><strong>tnm</strong></span> <span class='ocrx_word' id='word_1_450' title='bbox 972 5253 1105 5322; x_wconf 89' lang='lat' dir='ltr'><strong>eandem</strong></span> <span class='ocrx_word' id='word_1_451' title='bbox 1140 5272 1202 5319; x_wconf 94' lang='lat' dir='ltr'><strong>non</strong></span> <span class='ocrx_word' id='word_1_452' title='bbox 1237 5253 1475 5336; x_wconf 87' lang='lat' dir='ltr'><strong>contradicere,</strong></span> <span class='ocrx_word' id='word_1_453' title='bbox 1506 5252 1561 5323; x_wconf 88' lang='lat' dir='ltr'><strong>scd</strong></span> <span class='ocrx_word' id='word_1_454' title='bbox 1597 5252 1709 5339; x_wconf 91' lang='lat' dir='ltr'><strong>potius</strong></span> 
     </span>
    </p>
   </div>
   <div class='ocr_carea' id='block_1_2' title="bbox 0 0 1940 6484">
    <p class='ocr_par' dir='ltr' id='par_1_2' title="bbox 0 0 1940 6484">
     <span class='ocr_line' id='line_1_44' title="bbox 0 0 1940 6484; baseline 0 0"><span class='ocrx_word' id='word_1_455' title='bbox 0 0 1940 6484; x_wconf 95' lang='lat' dir='ltr'><strong> </strong></span> 
     </span>
    </p>
   </div>
  </div>
 </body>
</html>
