<?xml version="1.0" encoding="UTF-8"?>
<!DOCTYPE html PUBLIC "-//W3C//DTD XHTML 1.0 Transitional//EN"
    "http://www.w3.org/TR/xhtml1/DTD/xhtml1-transitional.dtd">
<html xmlns="http://www.w3.org/1999/xhtml" xml:lang="en" lang="en">
 <head>
  <title>
</title>
<meta http-equiv="Content-Type" content="text/html;charset=utf-8" />
  <meta name='ocr-system' content='tesseract 3.04.00' />
  <meta name='ocr-capabilities' content='ocr_page ocr_carea ocr_par ocr_line ocrx_word'/>
</head>
<body>
  <div class='ocr_page' id='page_1' title='image "./dehumanaecognit00italgoog_0276.png"; bbox 0 0 3870 6488; ppageno 0'>
   <div class='ocr_carea' id='block_1_1' title="bbox 723 788 1713 883">
    <p class='ocr_par' dir='ltr' id='par_1_1' title="bbox 723 788 1713 883">
     <span class='ocr_line' id='line_1_1' title="bbox 723 788 1713 883; baseline 0 -2"><span class='ocrx_word' id='word_1_1' title='bbox 723 831 773 881; x_wconf 84' lang='lat' dir='ltr'>ra.</span> <span class='ocrx_word' id='word_1_2' title='bbox 797 832 944 881; x_wconf 79' lang='lat' dir='ltr'>nvonannv</span> <span class='ocrx_word' id='word_1_3' title='bbox 968 832 988 880; x_wconf 84' lang='lat' dir='ltr'>a</span> <span class='ocrx_word' id='word_1_4' title='bbox 1012 832 1212 881; x_wconf 77' lang='lat' dir='ltr'>ueovavuva.</span> <span class='ocrx_word' id='word_1_5' title='bbox 1566 788 1569 793; x_wconf 65' lang='lat'>‚</span> <span class='ocrx_word' id='word_1_6' title='bbox 1654 812 1713 883; x_wconf 74' lang='lat' dir='ltr'>alt</span> 
     </span>
    </p>
   </div>
   <div class='ocr_carea' id='block_1_2' title="bbox 214 955 1769 5226">
    <p class='ocr_par' dir='ltr' id='par_1_2' title="bbox 218 955 1721 1971">
     <span class='ocr_line' id='line_1_2' title="bbox 220 955 1721 1045; baseline -0.003 -18"><span class='ocrx_word' id='word_1_7' title='bbox 220 976 316 1027; x_wconf 90' lang='lat' dir='ltr'>suum</span> <span class='ocrx_word' id='word_1_8' title='bbox 340 977 403 1026; x_wconf 93' lang='lat' dir='ltr'>non</span> <span class='ocrx_word' id='word_1_9' title='bbox 426 958 534 1045; x_wconf 87' lang='lat' dir='ltr'>possit</span> <span class='ocrx_word' id='word_1_10' title='bbox 559 957 621 1025; x_wconf 82' lang='lat' dir='ltr'>Etsi</span> <span class='ocrx_word' id='word_1_11' title='bbox 645 957 729 1025; x_wconf 88' lang='lat' dir='ltr'>enim</span> <span class='ocrx_word' id='word_1_12' title='bbox 751 955 933 1043; x_wconf 73' lang='lat' dir='ltr'>generativa</span> <span class='ocrx_word' id='word_1_13' title='bbox 950 957 1086 1023; x_wconf 83' lang='lat' dir='ltr'>lmnrinis</span> <span class='ocrx_word' id='word_1_14' title='bbox 1109 974 1171 1023; x_wconf 92' lang='lat' dir='ltr'>nnn</span> <span class='ocrx_word' id='word_1_15' title='bbox 1195 956 1293 1043; x_wconf 82' lang='lat' dir='ltr'><strong>possit</strong></span> <span class='ocrx_word' id='word_1_16' title='bbox 1310 973 1462 1042; x_wconf 88' lang='lat' dir='ltr'>generare</span> <span class='ocrx_word' id='word_1_17' title='bbox 1486 956 1623 1025; x_wconf 90' lang='lat' dir='ltr'>lvnminis</span> <span class='ocrx_word' id='word_1_18' title='bbox 1639 974 1721 1025; x_wconf 93' lang='lat' dir='ltr'>com-</span> 
     </span>
     <span class='ocr_line' id='line_1_3' title="bbox 219 1071 1718 1163; baseline -0.003 -20"><span class='ocrx_word' id='word_1_19' title='bbox 219 1075 435 1163; x_wconf 84' lang='lat' dir='ltr'>plementum,</span> <span class='ocrx_word' id='word_1_20' title='bbox 459 1082 564 1142; x_wconf 80' lang='lat' dir='ltr'>tamen</span> <span class='ocrx_word' id='word_1_21' title='bbox 588 1072 777 1142; x_wconf 76' lang='lat' dir='ltr'>naturaliter</span> <span class='ocrx_word' id='word_1_22' title='bbox 799 1072 923 1159; x_wconf 90' lang='lat' dir='ltr'>potest¹</span> <span class='ocrx_word' id='word_1_23' title='bbox 940 1071 1108 1159; x_wconf 82' lang='lat' dir='ltr'>disponere</span> <span class='ocrx_word' id='word_1_24' title='bbox 1124 1072 1305 1146; x_wconf 77' lang='lat' dir='ltr'>materiam,</span> <span class='ocrx_word' id='word_1_25' title='bbox 1321 1071 1486 1140; x_wconf 90' lang='lat' dir='ltr'>educendo</span> <span class='ocrx_word' id='word_1_26' title='bbox 1501 1073 1641 1160; x_wconf 82' lang='lat' dir='ltr'>aliquam</span> <span class='ocrx_word' id='word_1_27' title='bbox 1658 1072 1718 1139; x_wconf 89' lang='lat' dir='ltr'>ior·</span> 
     </span>
     <span class='ocr_line' id='line_1_4' title="bbox 219 1187 1716 1278; baseline -0.002 -21"><span class='ocrx_word' id='word_1_28' title='bbox 219 1209 304 1259; x_wconf 90' lang='lat' dir='ltr'>mam</span> <span class='ocrx_word' id='word_1_29' title='bbox 323 1190 544 1278; x_wconf 89' lang='lat' dir='ltr'>incompletam</span> <span class='ocrx_word' id='word_1_30' title='bbox 560 1189 600 1258; x_wconf 92' lang='lat' dir='ltr'>do</span> <span class='ocrx_word' id='word_1_31' title='bbox 615 1189 754 1276; x_wconf 89' lang='lat' dir='ltr'>potentia</span> <span class='ocrx_word' id='word_1_32' title='bbox 777 1187 939 1268; x_wconf 88' lang='lat' dir='ltr'>materiae,</span> <span class='ocrx_word' id='word_1_33' title='bbox 955 1187 1174 1275; x_wconf 75' lang='lat' dir='ltr'>disponentem</span> <span class='ocrx_word' id='word_1_34' title='bbox 1190 1187 1231 1254; x_wconf 93' lang='lat' dir='ltr'>ad</span> <span class='ocrx_word' id='word_1_35' title='bbox 1248 1187 1457 1255; x_wconf 89' lang='lat' dir='ltr'>intellectivae</span> <span class='ocrx_word' id='word_1_36' title='bbox 1473 1188 1716 1275; x_wconf 81' lang='lat' dir='ltr'>susceptionem.</span> 
     </span>
     <span class='ocr_line' id='line_1_5' title="bbox 219 1303 1721 1393; baseline -0.001 -20"><span class='ocrx_word' id='word_1_37' title='bbox 219 1308 256 1373; x_wconf 80' lang='lat' dir='ltr'>at</span> <span class='ocrx_word' id='word_1_38' title='bbox 271 1307 331 1375; x_wconf 85' lang='lat' dir='ltr'>lvoc</span> <span class='ocrx_word' id='word_1_39' title='bbox 346 1312 394 1375; x_wconf 90' lang='lat' dir='ltr'>est</span> <span class='ocrx_word' id='word_1_40' title='bbox 410 1324 563 1393; x_wconf 88' lang='lat' dir='ltr'>generare</span> <span class='ocrx_word' id='word_1_41' title='bbox 587 1304 785 1393; x_wconf 78' lang='lat' dir='ltr'>imperfecte,</span> <span class='ocrx_word' id='word_1_42' title='bbox 810 1304 895 1372; x_wconf 90' lang='lat' dir='ltr'>unde</span> <span class='ocrx_word' id='word_1_43' title='bbox 917 1303 1099 1391; x_wconf 79' lang='lat' dir='ltr'>generativa</span> <span class='ocrx_word' id='word_1_44' title='bbox 1122 1303 1259 1371; x_wconf 85' lang='lat' dir='ltr'>hominis</span> <span class='ocrx_word' id='word_1_45' title='bbox 1275 1321 1317 1371; x_wconf 83' lang='lat' dir='ltr'>ev</span> <span class='ocrx_word' id='word_1_46' title='bbox 1334 1304 1534 1371; x_wconf 81' lang='lat' dir='ltr'>naturalibus</span> <span class='ocrx_word' id='word_1_47' title='bbox 1554 1304 1645 1391; x_wconf 91' lang='lat' dir='ltr'>puris</span> <span class='ocrx_word' id='word_1_48' title='bbox 1668 1323 1721 1391; x_wconf 87' lang='lat' dir='ltr'>po</span> 
     </span>
     <span class='ocr_line' id='line_1_6' title="bbox 220 1420 1720 1509; baseline 0 -20"><span class='ocrx_word' id='word_1_49' title='bbox 220 1423 333 1491; x_wconf 91' lang='lat' dir='ltr'>tostin</span> <span class='ocrx_word' id='word_1_50' title='bbox 356 1430 463 1491; x_wconf 92' lang='lat' dir='ltr'>actum</span> <span class='ocrx_word' id='word_1_51' title='bbox 487 1421 658 1508; x_wconf 88' lang='lat' dir='ltr'>generandi</span> <span class='ocrx_word' id='word_1_52' title='bbox 691 1421 922 1509; x_wconf 78' lang='lat' dir='ltr'>imperfectum.</span> <span class='ocrx_word' id='word_1_53' title='bbox 947 1421 992 1488; x_wconf 84' lang='lat' dir='ltr'>lta</span> <span class='ocrx_word' id='word_1_54' title='bbox 1021 1427 1146 1507; x_wconf 88' lang='lat' dir='ltr'>oportet</span> <span class='ocrx_word' id='word_1_55' title='bbox 1168 1420 1289 1502; x_wconf 88' lang='lat' dir='ltr'>dicore,</span> <span class='ocrx_word' id='word_1_56' title='bbox 1313 1420 1398 1507; x_wconf 82' lang='lat' dir='ltr'>quvrd</span> <span class='ocrx_word' id='word_1_57' title='bbox 1430 1420 1637 1503; x_wconf 75' lang='lat' dir='ltr'>intellectiva,</span> <span class='ocrx_word' id='word_1_58' title='bbox 1661 1423 1720 1489; x_wconf 89' lang='lat' dir='ltr'>etsi</span> 
     </span>
     <span class='ocr_line' id='line_1_7' title="bbox 220 1536 1719 1626; baseline -0.001 -21"><span class='ocrx_word' id='word_1_59' title='bbox 220 1547 349 1626; x_wconf 89' lang='lat' dir='ltr'>proptor</span> <span class='ocrx_word' id='word_1_60' title='bbox 366 1539 414 1606; x_wconf 93' lang='lat' dir='ltr'>sui</span> <span class='ocrx_word' id='word_1_61' title='bbox 431 1538 626 1606; x_wconf 84' lang='lat' dir='ltr'>nobilitatem</span> <span class='ocrx_word' id='word_1_62' title='bbox 641 1538 809 1605; x_wconf 90' lang='lat' dir='ltr'>ordinetur</span> <span class='ocrx_word' id='word_1_63' title='bbox 824 1537 865 1605; x_wconf 85' lang='lat' dir='ltr'>ael</span> <span class='ocrx_word' id='word_1_64' title='bbox 889 1544 995 1605; x_wconf 87' lang='lat' dir='ltr'>actum</span> <span class='ocrx_word' id='word_1_65' title='bbox 1013 1543 1077 1605; x_wconf 69' lang='lat' dir='ltr'>mm</span> <span class='ocrx_word' id='word_1_66' title='bbox 1102 1536 1254 1616; x_wconf 81' lang='lat' dir='ltr'>nobilem,</span> <span class='ocrx_word' id='word_1_67' title='bbox 1270 1536 1354 1623; x_wconf 82' lang='lat' dir='ltr'>qarod</span> <span class='ocrx_word' id='word_1_68' title='bbox 1381 1555 1442 1603; x_wconf 91' lang='lat' dir='ltr'>nnn</span> <span class='ocrx_word' id='word_1_69' title='bbox 1459 1536 1558 1623; x_wconf 85' lang='lat' dir='ltr'>possit</span> <span class='ocrx_word' id='word_1_70' title='bbox 1581 1538 1719 1623; x_wconf 81' lang='lat' dir='ltr'>perfecte</span> 
     </span>
     <span class='ocr_line' id='line_1_8' title="bbox 220 1652 1719 1743; baseline -0.002 -21"><span class='ocrx_word' id='word_1_71' title='bbox 220 1656 251 1722; x_wconf 95' lang='lat' dir='ltr'>in</span> <span class='ocrx_word' id='word_1_72' title='bbox 267 1654 537 1743; x_wconf 82' lang='lat' dir='ltr'>eorrrplcmcntana</span> <span class='ocrx_word' id='word_1_73' title='bbox 553 1654 603 1722; x_wconf 91' lang='lat' dir='ltr'>sui</span> <span class='ocrx_word' id='word_1_74' title='bbox 626 1661 717 1723; x_wconf 88' lang='lat' dir='ltr'>actus</span> <span class='ocrx_word' id='word_1_75' title='bbox 740 1672 781 1722; x_wconf 87' lang='lat' dir='ltr'>ex</span> <span class='ocrx_word' id='word_1_76' title='bbox 806 1654 1024 1734; x_wconf 84' lang='lat' dir='ltr'>naturalibus,</span> <span class='ocrx_word' id='word_1_77' title='bbox 1047 1653 1133 1740; x_wconf 84' lang='lat' dir='ltr'>qvvod</span> <span class='ocrx_word' id='word_1_78' title='bbox 1156 1660 1261 1720; x_wconf 91' lang='lat' dir='ltr'>tamen</span> <span class='ocrx_word' id='word_1_79' title='bbox 1286 1652 1385 1740; x_wconf 92' lang='lat' dir='ltr'>possit</span> <span class='ocrx_word' id='word_1_80' title='bbox 1400 1670 1441 1719; x_wconf 87' lang='lat' dir='ltr'>ex</span> <span class='ocrx_word' id='word_1_81' title='bbox 1464 1652 1665 1743; x_wconf 86' lang='lat' dir='ltr'>naturalibus</span> <span class='ocrx_word' id='word_1_82' title='bbox 1688 1653 1719 1719; x_wconf 95' lang='lat' dir='ltr'>in</span> 
     </span>
     <span class='ocr_line' id='line_1_9' title="bbox 218 1768 1719 1857; baseline -0.002 -19"><span class='ocrx_word' id='word_1_83' title='bbox 218 1779 325 1839; x_wconf 89' lang='lat' dir='ltr'>aetum</span> <span class='ocrx_word' id='word_1_84' title='bbox 358 1770 551 1857; x_wconf 87' lang='lat' dir='ltr'>intelligendi</span> <span class='ocrx_word' id='word_1_85' title='bbox 583 1770 803 1857; x_wconf 90' lang='lat' dir='ltr'>imperleotum</span> <span class='ocrx_word' id='word_1_86' title='bbox 829 1769 1005 1839; x_wconf 91' lang='lat' dir='ltr'>secundum</span> <span class='ocrx_word' id='word_1_87' title='bbox 1039 1769 1219 1837; x_wconf 91' lang='lat' dir='ltr'>inleriorem</span> <span class='ocrx_word' id='word_1_88' title='bbox 1251 1768 1387 1855; x_wconf 90' lang='lat' dir='ltr'>gradum</span> <span class='ocrx_word' id='word_1_89' title='bbox 1418 1768 1639 1836; x_wconf 85' lang='lat' dir='ltr'>intellectualis</span> <span class='ocrx_word' id='word_1_90' title='bbox 1671 1786 1719 1835; x_wconf 87' lang='lat' dir='ltr'>co</span> 
     </span>
     <span class='ocr_line' id='line_1_10' title="bbox 219 1887 377 1971; baseline -0.013 -18"><span class='ocrx_word' id='word_1_91' title='bbox 219 1887 377 1971; x_wconf 86' lang='lat' dir='ltr'>gallionis.</span> 
     </span>
    </p>

    <p class='ocr_par' dir='ltr' id='par_1_3' title="bbox 215 2000 1720 3349">
     <span class='ocr_line' id='line_1_11' title="bbox 308 2000 1720 2092; baseline -0.001 -21"><span class='ocrx_word' id='word_1_92' title='bbox 308 2006 337 2071; x_wconf 85' lang='grc'>9.</span> <span class='ocrx_word' id='word_1_93' title='bbox 362 2003 404 2070; x_wconf 82' lang='lat' dir='ltr'>ad</span> <span class='ocrx_word' id='word_1_94' title='bbox 431 2003 510 2071; x_wconf 93' lang='lat' dir='ltr'>illud</span> <span class='ocrx_word' id='word_1_95' title='bbox 534 2004 619 2092; x_wconf 90' lang='lat' dir='ltr'>quod</span> <span class='ocrx_word' id='word_1_96' title='bbox 644 2003 839 2091; x_wconf 87' lang='lat' dir='ltr'>argvvebatur</span> <span class='ocrx_word' id='word_1_97' title='bbox 863 2023 966 2084; x_wconf 92' lang='lat' dir='ltr'>nono,</span> <span class='ocrx_word' id='word_1_98' title='bbox 991 2002 1078 2083; x_wconf 87' lang='lat' dir='ltr'>dico,</span> <span class='ocrx_word' id='word_1_99' title='bbox 1102 2001 1188 2089; x_wconf 84' lang='lat' dir='ltr'>qvtod</span> <span class='ocrx_word' id='word_1_100' title='bbox 1221 2001 1400 2070; x_wconf 84' lang='lat' dir='ltr'>intellectus</span> <span class='ocrx_word' id='word_1_101' title='bbox 1423 2008 1550 2070; x_wconf 89' lang='lat' dir='ltr'>creatus</span> <span class='ocrx_word' id='word_1_102' title='bbox 1574 2000 1720 2088; x_wconf 88' lang='lat' dir='ltr'>intelligit</span> 
     </span>
     <span class='ocr_line' id='line_1_12' title="bbox 219 2116 1719 2205; baseline -0.002 -19"><span class='ocrx_word' id='word_1_103' title='bbox 219 2119 406 2188; x_wconf 88' lang='lat' dir='ltr'>naturaliter</span> <span class='ocrx_word' id='word_1_104' title='bbox 430 2138 542 2187; x_wconf 87' lang='lat' dir='ltr'>rerum</span> <span class='ocrx_word' id='word_1_105' title='bbox 566 2128 709 2188; x_wconf 87' lang='lat' dir='ltr'>creatum</span> <span class='ocrx_word' id='word_1_106' title='bbox 727 2120 757 2186; x_wconf 95' lang='lat' dir='ltr'>in</span> <span class='ocrx_word' id='word_1_107' title='bbox 781 2126 910 2187; x_wconf 90' lang='lat' dir='ltr'>aeterna</span> <span class='ocrx_word' id='word_1_108' title='bbox 926 2119 1075 2200; x_wconf 80' lang='lat' dir='ltr'>veritate,</span> <span class='ocrx_word' id='word_1_109' title='bbox 1099 2137 1161 2186; x_wconf 93' lang='lat' dir='ltr'>nou</span> <span class='ocrx_word' id='word_1_110' title='bbox 1186 2118 1339 2205; x_wconf 81' lang='lat' dir='ltr'>perlecto,</span> <span class='ocrx_word' id='word_1_111' title='bbox 1364 2118 1419 2186; x_wconf 90' lang='lat' dir='ltr'>sed</span> <span class='ocrx_word' id='word_1_112' title='bbox 1437 2116 1633 2205; x_wconf 89' lang='lat' dir='ltr'>imperleote;</span> <span class='ocrx_word' id='word_1_113' title='bbox 1656 2135 1719 2184; x_wconf 93' lang='lat' dir='ltr'>non</span> 
     </span>
     <span class='ocr_line' id='line_1_13' title="bbox 218 2232 1714 2324; baseline -0.002 -22"><span class='ocrx_word' id='word_1_114' title='bbox 218 2237 301 2303; x_wconf 94' lang='lat' dir='ltr'>enim</span> <span class='ocrx_word' id='word_1_115' title='bbox 325 2243 429 2323; x_wconf 89' lang='lat' dir='ltr'>potest</span> <span class='ocrx_word' id='word_1_116' title='bbox 445 2236 643 2324; x_wconf 81' lang='lat' dir='ltr'>intelligere¹</span> <span class='ocrx_word' id='word_1_117' title='bbox 665 2237 803 2323; x_wconf 84' lang='lat' dir='ltr'>perlecto</span> <span class='ocrx_word' id='word_1_118' title='bbox 819 2253 931 2304; x_wconf 90' lang='lat' dir='ltr'>verum</span> <span class='ocrx_word' id='word_1_119' title='bbox 957 2241 1099 2303; x_wconf 88' lang='lat' dir='ltr'>creatum</span> <span class='ocrx_word' id='word_1_120' title='bbox 1117 2235 1146 2301; x_wconf 94' lang='lat' dir='ltr'>in</span> <span class='ocrx_word' id='word_1_121' title='bbox 1171 2243 1300 2303; x_wconf 88' lang='lat' dir='ltr'>aeterna</span> <span class='ocrx_word' id='word_1_122' title='bbox 1321 2234 1470 2315; x_wconf 83' lang='lat' dir='ltr'>veritate,</span> <span class='ocrx_word' id='word_1_123' title='bbox 1494 2233 1553 2301; x_wconf 94' lang='lat' dir='ltr'>nisi</span> <span class='ocrx_word' id='word_1_124' title='bbox 1577 2232 1714 2301; x_wconf 92' lang='lat' dir='ltr'>videndo</span> 
     </span>
     <span class='ocr_line' id='line_1_14' title="bbox 218 2349 1718 2445; baseline -0.003 -26"><span class='ocrx_word' id='word_1_125' title='bbox 218 2352 337 2440; x_wconf 79' lang='lat' dir='ltr'>ipsam,</span> <span class='ocrx_word' id='word_1_126' title='bbox 361 2371 458 2440; x_wconf 80' lang='lat' dir='ltr'>geram</span> <span class='ocrx_word' id='word_1_127' title='bbox 487 2353 665 2422; x_wconf 86' lang='lat' dir='ltr'>intellectus</span> <span class='ocrx_word' id='word_1_128' title='bbox 688 2361 815 2445; x_wconf 85' lang='lat' dir='ltr'>creatus</span> <span class='ocrx_word' id='word_1_129' title='bbox 850 2371 891 2421; x_wconf 84' lang='lat' dir='ltr'>ex</span> <span class='ocrx_word' id='word_1_130' title='bbox 916 2352 1117 2420; x_wconf 85' lang='lat' dir='ltr'>naturalibus</span> <span class='ocrx_word' id='word_1_131' title='bbox 1152 2352 1260 2419; x_wconf 90' lang='lat' dir='ltr'>videre</span> <span class='ocrx_word' id='word_1_132' title='bbox 1283 2370 1345 2420; x_wconf 94' lang='lat' dir='ltr'>non</span> <span class='ocrx_word' id='word_1_133' title='bbox 1380 2357 1500 2438; x_wconf 84' lang='lat' dir='ltr'>potest3</span> <span class='ocrx_word' id='word_1_134' title='bbox 1534 2349 1718 2435; x_wconf 80' lang='lat' dir='ltr'>imperfecte</span> 
     </span>
     <span class='ocr_line' id='line_1_15' title="bbox 218 2465 1716 2557; baseline -0.004 -21"><span class='ocrx_word' id='word_1_135' title='bbox 218 2477 322 2537; x_wconf 90' lang='lat' dir='ltr'>tamen</span> <span class='ocrx_word' id='word_1_136' title='bbox 347 2476 449 2557; x_wconf 89' lang='lat' dir='ltr'>potest</span> <span class='ocrx_word' id='word_1_137' title='bbox 471 2471 616 2555; x_wconf 86' lang='lat' dir='ltr'>cognosci</span> <span class='ocrx_word' id='word_1_138' title='bbox 640 2488 752 2539; x_wconf 88' lang='lat' dir='ltr'>verum</span> <span class='ocrx_word' id='word_1_139' title='bbox 776 2476 919 2538; x_wconf 90' lang='lat' dir='ltr'>creatum</span> <span class='ocrx_word' id='word_1_140' title='bbox 943 2469 974 2536; x_wconf 94' lang='lat' dir='ltr'>in</span> <span class='ocrx_word' id='word_1_141' title='bbox 999 2476 1128 2537; x_wconf 87' lang='lat' dir='ltr'>aeterna</span> <span class='ocrx_word' id='word_1_142' title='bbox 1152 2469 1284 2536; x_wconf 80' lang='lat' dir='ltr'>veritate</span> <span class='ocrx_word' id='word_1_143' title='bbox 1308 2468 1370 2535; x_wconf 94' lang='lat' dir='ltr'>illis</span> <span class='ocrx_word' id='word_1_144' title='bbox 1394 2468 1497 2536; x_wconf 89' lang='lat' dir='ltr'>tribus</span> <span class='ocrx_word' id='word_1_145' title='bbox 1521 2466 1639 2547; x_wconf 92' lang='lat' dir='ltr'>modis,</span> <span class='ocrx_word' id='word_1_146' title='bbox 1663 2465 1716 2551; x_wconf 85' lang='lat' dir='ltr'>qui</span> 
     </span>
     <span class='ocr_line' id='line_1_16' title="bbox 217 2580 1719 2674; baseline -0.004 -21"><span class='ocrx_word' id='word_1_147' title='bbox 217 2587 290 2655; x_wconf 81' lang='lat' dir='ltr'>tacti</span> <span class='ocrx_word' id='word_1_148' title='bbox 315 2595 389 2654; x_wconf 89' lang='lat' dir='ltr'>sunt</span> <span class='ocrx_word' id='word_1_149' title='bbox 406 2587 436 2654; x_wconf 91' lang='lat' dir='ltr'>in</span> <span class='ocrx_word' id='word_1_150' title='bbox 453 2604 586 2674; x_wconf 90' lang='lat' dir='ltr'>corpore</span> <span class='ocrx_word' id='word_1_151' title='bbox 609 2586 783 2655; x_wconf 89' lang='lat' dir='ltr'>solutionis.</span> <span class='ocrx_word' id='word_1_152' title='bbox 801 2624 845 2636; x_wconf 88' lang='lat'><em>-</em></span> <span class='ocrx_word' id='word_1_153' title='bbox 863 2588 902 2653; x_wconf 77' lang='lat' dir='ltr'>dt</span> <span class='ocrx_word' id='word_1_154' title='bbox 917 2605 994 2653; x_wconf 81' lang='lat' dir='ltr'>crana</span> <span class='ocrx_word' id='word_1_155' title='bbox 1011 2593 1047 2652; x_wconf 85' lang='lat' dir='ltr'>tn</span> <span class='ocrx_word' id='word_1_156' title='bbox 1063 2585 1186 2673; x_wconf 74' lang='lat' dir='ltr'>argitis</span> <span class='ocrx_word' id='word_1_157' title='bbox 1202 2593 1320 2652; x_wconf 80' lang='lat' dir='ltr'>ceretro</span> <span class='ocrx_word' id='word_1_158' title='bbox 1338 2582 1416 2663; x_wconf 78' lang='lat' dir='ltr'>laec,</span> <span class='ocrx_word' id='word_1_159' title='bbox 1440 2584 1536 2671; x_wconf 81' lang='lat' dir='ltr'>quod,</span> <span class='ocrx_word' id='word_1_160' title='bbox 1560 2580 1719 2670; x_wconf 89' lang='lat' dir='ltr'>loquendo</span> 
     </span>
     <span class='ocr_line' id='line_1_17' title="bbox 217 2696 1718 2791; baseline -0.004 -22"><span class='ocrx_word' id='word_1_161' title='bbox 217 2702 257 2769; x_wconf 92' lang='lat' dir='ltr'>de</span> <span class='ocrx_word' id='word_1_162' title='bbox 281 2703 456 2790; x_wconf 80' lang='lat' dir='ltr'>cognitione</span> <span class='ocrx_word' id='word_1_163' title='bbox 481 2702 678 2791; x_wconf 79' lang='lat' dir='ltr'>imperfecta,</span> <span class='ocrx_word' id='word_1_164' title='bbox 703 2702 891 2771; x_wconf 85' lang='lat' dir='ltr'>devenimus</span> <span class='ocrx_word' id='word_1_165' title='bbox 906 2720 925 2768; x_wconf 90' lang='lat' dir='ltr'>a</span> <span class='ocrx_word' id='word_1_166' title='bbox 941 2701 1117 2787; x_wconf 80' lang='lat' dir='ltr'>cognitione</span> <span class='ocrx_word' id='word_1_167' title='bbox 1140 2700 1207 2768; x_wconf 89' lang='lat' dir='ltr'>veri</span> <span class='ocrx_word' id='word_1_168' title='bbox 1232 2700 1328 2769; x_wconf 87' lang='lat' dir='ltr'>creati</span> <span class='ocrx_word' id='word_1_169' title='bbox 1350 2700 1382 2766; x_wconf 93' lang='lat' dir='ltr'>in</span> <span class='ocrx_word' id='word_1_170' title='bbox 1405 2700 1614 2787; x_wconf 90' lang='lat' dir='ltr'>cognitionem</span> <span class='ocrx_word' id='word_1_171' title='bbox 1638 2696 1718 2765; x_wconf 90' lang='lat' dir='ltr'>veri·</span> 
     </span>
     <span class='ocr_line' id='line_1_18' title="bbox 217 2814 1717 2909; baseline 0 -26"><span class='ocrx_word' id='word_1_172' title='bbox 217 2819 290 2887; x_wconf 83' lang='lat' dir='ltr'>tatis</span> <span class='ocrx_word' id='word_1_173' title='bbox 313 2826 477 2899; x_wconf 82' lang='lat' dir='ltr'>aeternac3</span> <span class='ocrx_word' id='word_1_174' title='bbox 495 2817 589 2909; x_wconf 81' lang='lat' dir='ltr'>[dico]</span> <span class='ocrx_word' id='word_1_175' title='bbox 607 2819 692 2907; x_wconf 89' lang='lat' dir='ltr'>quod</span> <span class='ocrx_word' id='word_1_176' title='bbox 711 2836 823 2887; x_wconf 91' lang='lat' dir='ltr'>verum</span> <span class='ocrx_word' id='word_1_177' title='bbox 846 2824 911 2900; x_wconf 89' lang='lat' dir='ltr'>est,</span> <span class='ocrx_word' id='word_1_178' title='bbox 935 2835 993 2885; x_wconf 90' lang='lat' dir='ltr'>noc</span> <span class='ocrx_word' id='word_1_179' title='bbox 1015 2824 1121 2885; x_wconf 90' lang='lat' dir='ltr'>tamen</span> <span class='ocrx_word' id='word_1_180' title='bbox 1144 2823 1274 2904; x_wconf 83' lang='lat' dir='ltr'>propter</span> <span class='ocrx_word' id='word_1_181' title='bbox 1291 2817 1350 2884; x_wconf 82' lang='lat' dir='ltr'>line</span> <span class='ocrx_word' id='word_1_182' title='bbox 1374 2816 1536 2903; x_wconf 81' lang='lat' dir='ltr'>sequitur,</span> <span class='ocrx_word' id='word_1_183' title='bbox 1552 2814 1638 2901; x_wconf 85' lang='lat' dir='ltr'>qund</span> <span class='ocrx_word' id='word_1_184' title='bbox 1655 2834 1717 2883; x_wconf 91' lang='lat' dir='ltr'>nnn</span> 
     </span>
     <span class='ocr_line' id='line_1_19' title="bbox 217 2930 1718 3021; baseline -0.001 -20"><span class='ocrx_word' id='word_1_185' title='bbox 217 2935 401 3021; x_wconf 85' lang='lat' dir='ltr'>possimus³</span> <span class='ocrx_word' id='word_1_186' title='bbox 434 2952 623 3021; x_wconf 79' lang='lat' dir='ltr'>cognoscere</span> <span class='ocrx_word' id='word_1_187' title='bbox 648 2935 835 3002; x_wconf 88' lang='lat' dir='ltr'>naturaliter</span> <span class='ocrx_word' id='word_1_188' title='bbox 859 2953 972 3002; x_wconf 88' lang='lat' dir='ltr'>verum</span> <span class='ocrx_word' id='word_1_189' title='bbox 996 2940 1137 3002; x_wconf 88' lang='lat' dir='ltr'>creatam</span> <span class='ocrx_word' id='word_1_190' title='bbox 1164 2933 1194 2999; x_wconf 95' lang='lat' dir='ltr'>in</span> <span class='ocrx_word' id='word_1_191' title='bbox 1217 2940 1347 3000; x_wconf 88' lang='lat' dir='ltr'>aeterna</span> <span class='ocrx_word' id='word_1_192' title='bbox 1364 2933 1511 3013; x_wconf 83' lang='lat' dir='ltr'>veritate,</span> <span class='ocrx_word' id='word_1_193' title='bbox 1536 2930 1718 3017; x_wconf 79' lang='lat' dir='ltr'>imperfecte</span> 
     </span>
     <span class='ocr_line' id='line_1_20' title="bbox 216 3047 1718 3138; baseline -0.003 -22"><span class='ocrx_word' id='word_1_194' title='bbox 216 3058 341 3125; x_wconf 73' lang='lat' dir='ltr'>tamem</span> <span class='ocrx_word' id='word_1_195' title='bbox 364 3068 421 3119; x_wconf 87' lang='lat' dir='ltr'>neo</span> <span class='ocrx_word' id='word_1_196' title='bbox 444 3057 574 3138; x_wconf 90' lang='lat' dir='ltr'>propter</span> <span class='ocrx_word' id='word_1_197' title='bbox 599 3050 658 3119; x_wconf 87' lang='lat' dir='ltr'>ltoc</span> <span class='ocrx_word' id='word_1_198' title='bbox 673 3056 721 3119; x_wconf 87' lang='lat' dir='ltr'>ost</span> <span class='ocrx_word' id='word_1_199' title='bbox 737 3050 779 3117; x_wconf 82' lang='lat' dir='ltr'>ini</span> <span class='ocrx_word' id='word_1_200' title='bbox 804 3050 982 3131; x_wconf 77' lang='lat' dir='ltr'>circillatio,</span> <span class='ocrx_word' id='word_1_201' title='bbox 1006 3050 1088 3117; x_wconf 91' lang='lat' dir='ltr'>sicut</span> <span class='ocrx_word' id='word_1_202' title='bbox 1111 3067 1168 3117; x_wconf 90' lang='lat' dir='ltr'>nec</span> <span class='ocrx_word' id='word_1_203' title='bbox 1184 3054 1232 3116; x_wconf 90' lang='lat' dir='ltr'>est</span> <span class='ocrx_word' id='word_1_204' title='bbox 1255 3048 1432 3128; x_wconf 85' lang='lat' dir='ltr'>rirevvlatio,</span> <span class='ocrx_word' id='word_1_205' title='bbox 1456 3065 1530 3116; x_wconf 91' lang='lat' dir='ltr'>cum</span> <span class='ocrx_word' id='word_1_206' title='bbox 1547 3048 1588 3114; x_wconf 88' lang='lat' dir='ltr'>ab</span> <span class='ocrx_word' id='word_1_207' title='bbox 1603 3047 1718 3115; x_wconf 79' lang='lat' dir='ltr'>elicietu</span> 
     </span>
     <span class='ocr_line' id='line_1_21' title="bbox 215 3164 1717 3253; baseline 0 -22"><span class='ocrx_word' id='word_1_208' title='bbox 215 3166 401 3252; x_wconf 90' lang='lat' dir='ltr'>proceditur</span> <span class='ocrx_word' id='word_1_209' title='bbox 423 3167 465 3233; x_wconf 93' lang='lat' dir='ltr'>ad</span> <span class='ocrx_word' id='word_1_210' title='bbox 488 3184 617 3235; x_wconf 80' lang='lat' dir='ltr'>eausam</span> <span class='ocrx_word' id='word_1_211' title='bbox 635 3167 810 3253; x_wconf 87' lang='lat' dir='ltr'>cognitione</span> <span class='ocrx_word' id='word_1_212' title='bbox 833 3165 1020 3245; x_wconf 81' lang='lat' dir='ltr'>irc-nentina,</span> <span class='ocrx_word' id='word_1_213' title='bbox 1044 3165 1208 3234; x_wconf 90' lang='lat' dir='ltr'>etiterum</span> <span class='ocrx_word' id='word_1_214' title='bbox 1232 3182 1363 3233; x_wconf 88' lang='lat' dir='ltr'>acausa</span> <span class='ocrx_word' id='word_1_215' title='bbox 1387 3164 1590 3232; x_wconf 81' lang='lat' dir='ltr'>adnitentum</span> <span class='ocrx_word' id='word_1_216' title='bbox 1615 3164 1717 3251; x_wconf 89' lang='lat' dir='ltr'>cogni·</span> 
     </span>
     <span class='ocr_line' id='line_1_22' title="bbox 217 3281 521 3349; baseline 0.003 -3"><span class='ocrx_word' id='word_1_217' title='bbox 217 3281 301 3349; x_wconf 90' lang='lat' dir='ltr'>tione</span> <span class='ocrx_word' id='word_1_218' title='bbox 325 3282 521 3349; x_wconf 77' lang='lat' dir='ltr'>iurlicatioo..</span> 
     </span>
    </p>

    <p class='ocr_par' dir='ltr' id='par_1_4' title="bbox 214 3398 1769 4414">
     <span class='ocr_line' id='line_1_23' title="bbox 281 3398 1718 3486; baseline 0.002 -23"><span class='ocrx_word' id='word_1_219' title='bbox 281 3400 516 3486; x_wconf 74' lang='lat' dir='ltr'>,Argentanum</span> <span class='ocrx_word' id='word_1_220' title='bbox 538 3398 586 3465; x_wconf 88' lang='lat' dir='ltr'>od</span> <span class='ocrx_word' id='word_1_221' title='bbox 606 3399 811 3485; x_wconf 81' lang='lat' dir='ltr'>oppositum,</span> <span class='ocrx_word' id='word_1_222' title='bbox 837 3400 868 3466; x_wconf 93' lang='lat' dir='ltr'>in</span> <span class='ocrx_word' id='word_1_223' title='bbox 892 3406 1046 3485; x_wconf 84' lang='lat' dir='ltr'>qvtantum</span> <span class='ocrx_word' id='word_1_224' title='bbox 1079 3399 1246 3466; x_wconf 88' lang='lat' dir='ltr'>intendunt</span> <span class='ocrx_word' id='word_1_225' title='bbox 1276 3398 1431 3485; x_wconf 84' lang='lat' dir='ltr'>probare,</span> <span class='ocrx_word' id='word_1_226' title='bbox 1463 3398 1546 3485; x_wconf 83' lang='lat' dir='ltr'>qvvoel</span> <span class='ocrx_word' id='word_1_227' title='bbox 1581 3398 1718 3483; x_wconf 71' lang='lat' dir='ltr'>Angelus</span> 
     </span>
     <span class='ocr_line' id='line_1_24' title="bbox 215 3513 1718 3602; baseline -0.003 -19"><span class='ocrx_word' id='word_1_228' title='bbox 215 3515 268 3583; x_wconf 90' lang='lat' dir='ltr'>vel</span> <span class='ocrx_word' id='word_1_229' title='bbox 293 3516 388 3582; x_wconf 92' lang='lat' dir='ltr'>lvomo</span> <span class='ocrx_word' id='word_1_230' title='bbox 411 3515 599 3583; x_wconf 88' lang='lat' dir='ltr'>naturaliter</span> <span class='ocrx_word' id='word_1_231' title='bbox 629 3522 732 3602; x_wconf 88' lang='lat' dir='ltr'>potest</span> <span class='ocrx_word' id='word_1_232' title='bbox 765 3533 954 3601; x_wconf 86' lang='lat' dir='ltr'>cognoscere</span> <span class='ocrx_word' id='word_1_233' title='bbox 977 3533 1091 3583; x_wconf 89' lang='lat' dir='ltr'>verum</span> <span class='ocrx_word' id='word_1_234' title='bbox 1115 3521 1257 3583; x_wconf 89' lang='lat' dir='ltr'>creatum</span> <span class='ocrx_word' id='word_1_235' title='bbox 1294 3515 1325 3580; x_wconf 93' lang='lat' dir='ltr'>iu</span> <span class='ocrx_word' id='word_1_236' title='bbox 1348 3520 1478 3581; x_wconf 87' lang='lat' dir='ltr'>aeterna</span> <span class='ocrx_word' id='word_1_237' title='bbox 1502 3513 1652 3592; x_wconf 82' lang='lat' dir='ltr'>veritate,</span> <span class='ocrx_word' id='word_1_238' title='bbox 1677 3513 1718 3579; x_wconf 86' lang='lat' dir='ltr'>lo</span> 
     </span>
     <span class='ocr_line' id='line_1_25' title="bbox 215 3629 1717 3718; baseline -0.002 -22"><span class='ocrx_word' id='word_1_239' title='bbox 215 3631 344 3718; x_wconf 83' lang='lat' dir='ltr'>qvvendo</span> <span class='ocrx_word' id='word_1_240' title='bbox 367 3632 408 3699; x_wconf 88' lang='lat' dir='ltr'>de</span> <span class='ocrx_word' id='word_1_241' title='bbox 431 3630 606 3717; x_wconf 87' lang='lat' dir='ltr'>cognitione</span> <span class='ocrx_word' id='word_1_242' title='bbox 629 3630 782 3716; x_wconf 81' lang='lat' dir='ltr'>perlecta,</span> <span class='ocrx_word' id='word_1_243' title='bbox 806 3630 958 3699; x_wconf 91' lang='lat' dir='ltr'>solvenda</span> <span class='ocrx_word' id='word_1_244' title='bbox 974 3638 1066 3711; x_wconf 88' lang='lat' dir='ltr'>sunt,</span> <span class='ocrx_word' id='word_1_245' title='bbox 1090 3630 1165 3717; x_wconf 78' lang='lat' dir='ltr'>gavia</span> <span class='ocrx_word' id='word_1_246' title='bbox 1189 3630 1249 3697; x_wconf 86' lang='lat' dir='ltr'>lvoc</span> <span class='ocrx_word' id='word_1_247' title='bbox 1265 3648 1325 3696; x_wconf 91' lang='lat' dir='ltr'>non</span> <span class='ocrx_word' id='word_1_248' title='bbox 1351 3636 1399 3697; x_wconf 90' lang='lat' dir='ltr'>cst</span> <span class='ocrx_word' id='word_1_249' title='bbox 1415 3646 1543 3709; x_wconf 86' lang='lat' dir='ltr'>verunt;</span> <span class='ocrx_word' id='word_1_250' title='bbox 1568 3629 1624 3696; x_wconf 89' lang='lat' dir='ltr'>sed</span> <span class='ocrx_word' id='word_1_251' title='bbox 1649 3629 1717 3709; x_wconf 92' lang='lat' dir='ltr'>illa,</span> 
     </span>
     <span class='ocr_line' id='line_1_26' title="bbox 215 3740 1717 3834; baseline -0.001 -21"><span class='ocrx_word' id='word_1_252' title='bbox 215 3764 298 3833; x_wconf 88' lang='lat' dir='ltr'>quae</span> <span class='ocrx_word' id='word_1_253' title='bbox 321 3746 516 3815; x_wconf 86' lang='lat' dir='ltr'>concludunt</span> <span class='ocrx_word' id='word_1_254' title='bbox 539 3746 579 3814; x_wconf 90' lang='lat' dir='ltr'>de</span> <span class='ocrx_word' id='word_1_255' title='bbox 602 3746 779 3833; x_wconf 88' lang='lat' dir='ltr'>cognitione</span> <span class='ocrx_word' id='word_1_256' title='bbox 803 3740 995 3834; x_wconf 60' lang='lat' dir='ltr'>inperfecta}</span> <span class='ocrx_word' id='word_1_257' title='bbox 1029 3746 1231 3814; x_wconf 87' lang='lat' dir='ltr'>concedenda</span> <span class='ocrx_word' id='word_1_258' title='bbox 1262 3752 1344 3813; x_wconf 90' lang='lat' dir='ltr'>sunt.</span> <span class='ocrx_word' id='word_1_259' title='bbox 1376 3745 1410 3812; x_wconf 85' lang='lat' dir='ltr'>ta</span> <span class='ocrx_word' id='word_1_260' title='bbox 1441 3744 1516 3831; x_wconf 84' lang='lat' dir='ltr'>qvvia</span> <span class='ocrx_word' id='word_1_261' title='bbox 1546 3744 1717 3812; x_wconf 82' lang='lat' dir='ltr'>auotoritas</span> 
     </span>
     <span class='ocr_line' id='line_1_27' title="bbox 215 3860 1718 3952; baseline -0.003 -22"><span class='ocrx_word' id='word_1_262' title='bbox 215 3865 379 3952; x_wconf 66' lang='lat' dir='ltr'>:lugustini</span> <span class='ocrx_word' id='word_1_263' title='bbox 405 3864 594 3931; x_wconf 91' lang='lat' dir='ltr'>duodecimo</span> <span class='ocrx_word' id='word_1_264' title='bbox 617 3862 854 3931; x_wconf 80' lang='lat' dir='ltr'>Confessionum</span> <span class='ocrx_word' id='word_1_265' title='bbox 875 3871 908 3929; x_wconf 91' lang='lat' dir='ltr'>et</span> <span class='ocrx_word' id='word_1_266' title='bbox 930 3880 1012 3928; x_wconf 91' lang='lat' dir='ltr'>nono</span> <span class='ocrx_word' id='word_1_267' title='bbox 1028 3861 1068 3929; x_wconf 83' lang='lat' dir='ltr'>ele</span> <span class='ocrx_word' id='word_1_268' title='bbox 1085 3862 1252 3943; x_wconf 71' lang='lat' dir='ltr'>Trinitas,</span> <span class='ocrx_word' id='word_1_269' title='bbox 1268 3868 1299 3929; x_wconf 91' lang='lat' dir='ltr'>et</span> <span class='ocrx_word' id='word_1_270' title='bbox 1322 3861 1496 3928; x_wconf 81' lang='lat' dir='ltr'>dvicennae</span> <span class='ocrx_word' id='word_1_271' title='bbox 1513 3860 1543 3927; x_wconf 91' lang='lat' dir='ltr'>in</span> <span class='ocrx_word' id='word_1_272' title='bbox 1561 3860 1718 3947; x_wconf 82' lang='lat' dir='ltr'>ttetapny-</span> 
     </span>
     <span class='ocr_line' id='line_1_28' title="bbox 215 3976 1718 4067; baseline -0.003 -19"><span class='ocrx_word' id='word_1_273' title='bbox 215 3981 281 4048; x_wconf 84' lang='lat' dir='ltr'>sira</span> <span class='ocrx_word' id='word_1_274' title='bbox 316 3998 374 4048; x_wconf 89' lang='lat' dir='ltr'>sua</span> <span class='ocrx_word' id='word_1_275' title='bbox 405 3978 581 4067; x_wconf 81' lang='lat' dir='ltr'>loquuntur</span> <span class='ocrx_word' id='word_1_276' title='bbox 604 3978 644 4046; x_wconf 91' lang='lat' dir='ltr'>de</span> <span class='ocrx_word' id='word_1_277' title='bbox 667 3978 842 4065; x_wconf 88' lang='lat' dir='ltr'>cognitione</span> <span class='ocrx_word' id='word_1_278' title='bbox 865 3978 1067 4065; x_wconf 78' lang='lat' dir='ltr'>imperfecta,</span> <span class='ocrx_word' id='word_1_279' title='bbox 1098 3996 1162 4064; x_wconf 84' lang='lat' dir='ltr'>qna</span> <span class='ocrx_word' id='word_1_280' title='bbox 1194 3977 1278 4045; x_wconf 89' lang='lat' dir='ltr'>Deus</span> <span class='ocrx_word' id='word_1_281' title='bbox 1308 3984 1356 4045; x_wconf 82' lang='lat' dir='ltr'>est</span> <span class='ocrx_word' id='word_1_282' title='bbox 1380 3976 1470 4044; x_wconf 87' lang='lat' dir='ltr'>nnlvis</span> <span class='ocrx_word' id='word_1_283' title='bbox 1502 3976 1582 4043; x_wconf 88' lang='lat' dir='ltr'>ratio</span> <span class='ocrx_word' id='word_1_284' title='bbox 1607 3995 1718 4062; x_wconf 87' lang='lat' dir='ltr'>cogno</span> 
     </span>
     <span class='ocr_line' id='line_1_29' title="bbox 215 4092 1716 4178; baseline -0.004 -14"><span class='ocrx_word' id='word_1_285' title='bbox 215 4097 340 4178; x_wconf 88' lang='lat' dir='ltr'>scendi,</span> <span class='ocrx_word' id='word_1_286' title='bbox 364 4096 523 4163; x_wconf 90' lang='lat' dir='ltr'>mediante</span> <span class='ocrx_word' id='word_1_287' title='bbox 540 4095 660 4163; x_wconf 92' lang='lat' dir='ltr'>lumine</span> <span class='ocrx_word' id='word_1_288' title='bbox 676 4101 782 4162; x_wconf 87' lang='lat' dir='ltr'>creato</span> <span class='ocrx_word' id='word_1_289' title='bbox 799 4094 955 4174; x_wconf 87' lang='lat' dir='ltr'>naturali,</span> <span class='ocrx_word' id='word_1_290' title='bbox 980 4094 1100 4162; x_wconf 89' lang='lat' dir='ltr'>ratione</span> <span class='ocrx_word' id='word_1_291' title='bbox 1116 4093 1208 4162; x_wconf 86' lang='lat' dir='ltr'>cuius</span> <span class='ocrx_word' id='word_1_292' title='bbox 1224 4094 1362 4160; x_wconf 84' lang='lat' dir='ltr'>dicimur</span> <span class='ocrx_word' id='word_1_293' title='bbox 1376 4111 1565 4177; x_wconf 83' lang='lat' dir='ltr'>cognoscere</span> <span class='ocrx_word' id='word_1_294' title='bbox 1590 4093 1620 4160; x_wconf 94' lang='lat' dir='ltr'>in</span> <span class='ocrx_word' id='word_1_295' title='bbox 1639 4092 1716 4173; x_wconf 80' lang='lat' dir='ltr'>lieri,</span> 
     </span>
     <span class='ocr_line' id='line_1_30' title="bbox 214 4208 1769 4296; baseline -0.003 -17"><span class='ocrx_word' id='word_1_296' title='bbox 214 4212 299 4280; x_wconf 86' lang='lat' dir='ltr'>sient</span> <span class='ocrx_word' id='word_1_297' title='bbox 323 4211 461 4280; x_wconf 81' lang='lat' dir='ltr'>dicimur</span> <span class='ocrx_word' id='word_1_298' title='bbox 482 4212 592 4279; x_wconf 86' lang='lat' dir='ltr'>videre</span> <span class='ocrx_word' id='word_1_299' title='bbox 616 4211 646 4278; x_wconf 95' lang='lat' dir='ltr'>in</span> <span class='ocrx_word' id='word_1_300' title='bbox 671 4211 754 4292; x_wconf 90' lang='lat' dir='ltr'>sole,</span> <span class='ocrx_word' id='word_1_301' title='bbox 777 4211 853 4296; x_wconf 87' lang='lat' dir='ltr'>qnia</span> <span class='ocrx_word' id='word_1_302' title='bbox 869 4210 1016 4278; x_wconf 87' lang='lat' dir='ltr'>videmus</span> <span class='ocrx_word' id='word_1_303' title='bbox 1032 4210 1062 4276; x_wconf 95' lang='lat' dir='ltr'>in</span> <span class='ocrx_word' id='word_1_304' title='bbox 1081 4208 1199 4277; x_wconf 90' lang='lat' dir='ltr'>lumine</span> <span class='ocrx_word' id='word_1_305' title='bbox 1216 4210 1304 4278; x_wconf 91' lang='lat' dir='ltr'>solis:</span> <span class='ocrx_word' id='word_1_306' title='bbox 1328 4209 1399 4277; x_wconf 91' lang='lat' dir='ltr'>ideo</span> <span class='ocrx_word' id='word_1_307' title='bbox 1415 4209 1488 4277; x_wconf 89' lang='lat' dir='ltr'>illae</span> <span class='ocrx_word' id='word_1_308' title='bbox 1511 4209 1717 4278; x_wconf 89' lang='lat' dir='ltr'>auctoritates</span> <span class='ocrx_word' id='word_1_309' title='bbox 1765 4244 1769 4251; x_wconf 95' lang='lat'>·</span> 
     </span>
     <span class='ocr_line' id='line_1_31' title="bbox 214 4326 1016 4414; baseline -0.006 -17"><span class='ocrx_word' id='word_1_310' title='bbox 214 4329 278 4397; x_wconf 90' lang='lat' dir='ltr'>sub</span> <span class='ocrx_word' id='word_1_311' title='bbox 301 4329 361 4396; x_wconf 91' lang='lat' dir='ltr'>isto</span> <span class='ocrx_word' id='word_1_312' title='bbox 384 4346 480 4397; x_wconf 89' lang='lat' dir='ltr'>sensu</span> <span class='ocrx_word' id='word_1_313' title='bbox 503 4327 667 4414; x_wconf 83' lang='lat' dir='ltr'>expositae</span> <span class='ocrx_word' id='word_1_314' title='bbox 690 4326 910 4395; x_wconf 85' lang='lat' dir='ltr'>mncedendae</span> <span class='ocrx_word' id='word_1_315' title='bbox 934 4333 1016 4394; x_wconf 91' lang='lat' dir='ltr'>sunt.</span> 
     </span>
    </p>

    <p class='ocr_par' dir='ltr' id='par_1_5' title="bbox 215 4441 1717 5226">
     <span class='ocr_line' id='line_1_32' title="bbox 304 4441 1716 4530; baseline -0.004 -19"><span class='ocrx_word' id='word_1_316' title='bbox 304 4445 334 4511; x_wconf 78' lang='lat' dir='ltr'>d.</span> <span class='ocrx_word' id='word_1_317' title='bbox 352 4443 395 4511; x_wconf 83' lang='lat' dir='ltr'>td</span> <span class='ocrx_word' id='word_1_318' title='bbox 420 4443 500 4511; x_wconf 91' lang='lat' dir='ltr'>illud</span> <span class='ocrx_word' id='word_1_319' title='bbox 523 4441 609 4530; x_wconf 85' lang='lat' dir='ltr'>qvvnd</span> <span class='ocrx_word' id='word_1_320' title='bbox 632 4441 828 4527; x_wconf 78' lang='lat' dir='ltr'>arguebatur</span> <span class='ocrx_word' id='word_1_321' title='bbox 851 4449 983 4529; x_wconf 83' lang='lat' dir='ltr'>quarte,</span> <span class='ocrx_word' id='word_1_322' title='bbox 1006 4441 1092 4528; x_wconf 84' lang='lat' dir='ltr'>quod</span> <span class='ocrx_word' id='word_1_323' title='bbox 1116 4442 1369 4529; x_wconf 84' lang='lat' dir='ltr'>unumquodque</span> <span class='ocrx_word' id='word_1_324' title='bbox 1390 4441 1576 4528; x_wconf 90' lang='lat' dir='ltr'>intelligitur</span> <span class='ocrx_word' id='word_1_325' title='bbox 1601 4442 1631 4508; x_wconf 96' lang='lat' dir='ltr'>in</span> <span class='ocrx_word' id='word_1_326' title='bbox 1657 4459 1716 4507; x_wconf 89' lang='lat' dir='ltr'>sua</span> 
     </span>
     <span class='ocr_line' id='line_1_33' title="bbox 216 4554 1714 4647; baseline -0.003 -21"><span class='ocrx_word' id='word_1_327' title='bbox 216 4559 355 4639; x_wconf 87' lang='lat' dir='ltr'>ratione;</span> <span class='ocrx_word' id='word_1_328' title='bbox 379 4559 464 4640; x_wconf 91' lang='lat' dir='ltr'>dien,</span> <span class='ocrx_word' id='word_1_329' title='bbox 488 4559 573 4647; x_wconf 90' lang='lat' dir='ltr'>quod</span> <span class='ocrx_word' id='word_1_330' title='bbox 599 4576 711 4626; x_wconf 89' lang='lat' dir='ltr'>verum</span> <span class='ocrx_word' id='word_1_331' title='bbox 735 4559 837 4626; x_wconf 89' lang='lat' dir='ltr'>estin</span> <span class='ocrx_word' id='word_1_332' title='bbox 862 4575 920 4625; x_wconf 90' lang='lat' dir='ltr'>sua</span> <span class='ocrx_word' id='word_1_333' title='bbox 943 4557 1075 4624; x_wconf 86' lang='lat' dir='ltr'>ratione</span> <span class='ocrx_word' id='word_1_334' title='bbox 1096 4554 1257 4643; x_wconf 49' lang='lat' dir='ltr'>formale</span> <span class='ocrx_word' id='word_1_335' title='bbox 1280 4564 1312 4625; x_wconf 90' lang='lat' dir='ltr'>et</span> <span class='ocrx_word' id='word_1_336' title='bbox 1335 4575 1409 4625; x_wconf 90' lang='lat' dir='ltr'>cum</span> <span class='ocrx_word' id='word_1_337' title='bbox 1434 4566 1470 4623; x_wconf 86' lang='lat' dir='ltr'>tn</span> <span class='ocrx_word' id='word_1_338' title='bbox 1494 4557 1594 4638; x_wconf 80' lang='lat' dir='ltr'>elicis,</span> <span class='ocrx_word' id='word_1_339' title='bbox 1629 4555 1714 4644; x_wconf 80' lang='lat' dir='ltr'>qaavvd</span> 
     </span>
     <span class='ocr_line' id='line_1_34' title="bbox 215 4671 1716 4759; baseline -0.002 -17"><span class='ocrx_word' id='word_1_340' title='bbox 215 4676 333 4743; x_wconf 87' lang='lat' dir='ltr'>veritas</span> <span class='ocrx_word' id='word_1_341' title='bbox 357 4683 485 4743; x_wconf 87' lang='lat' dir='ltr'>aeterna</span> <span class='ocrx_word' id='word_1_342' title='bbox 508 4681 556 4743; x_wconf 89' lang='lat' dir='ltr'>est</span> <span class='ocrx_word' id='word_1_343' title='bbox 578 4674 659 4742; x_wconf 90' lang='lat' dir='ltr'>ratio</span> <span class='ocrx_word' id='word_1_344' title='bbox 681 4674 852 4742; x_wconf 83' lang='lat' dir='ltr'>cuiuslibet</span> <span class='ocrx_word' id='word_1_345' title='bbox 874 4673 941 4742; x_wconf 91' lang='lat' dir='ltr'>veri</span> <span class='ocrx_word' id='word_1_346' title='bbox 966 4674 1085 4755; x_wconf 86' lang='lat' dir='ltr'>creati,</span> <span class='ocrx_word' id='word_1_347' title='bbox 1108 4692 1170 4740; x_wconf 93' lang='lat' dir='ltr'>non</span> <span class='ocrx_word' id='word_1_348' title='bbox 1194 4681 1242 4741; x_wconf 91' lang='lat' dir='ltr'>est</span> <span class='ocrx_word' id='word_1_349' title='bbox 1265 4691 1397 4754; x_wconf 91' lang='lat' dir='ltr'>verum,</span> <span class='ocrx_word' id='word_1_350' title='bbox 1430 4672 1455 4740; x_wconf 89' lang='lat' dir='ltr'>si</span> <span class='ocrx_word' id='word_1_351' title='bbox 1488 4672 1643 4759; x_wconf 89' lang='lat' dir='ltr'>intelligas</span> <span class='ocrx_word' id='word_1_352' title='bbox 1676 4671 1716 4739; x_wconf 94' lang='lat' dir='ltr'>do</span> 
     </span>
     <span class='ocr_line' id='line_1_35' title="bbox 215 4789 1717 4879; baseline -0.001 -21"><span class='ocrx_word' id='word_1_353' title='bbox 215 4791 347 4859; x_wconf 84' lang='lat' dir='ltr'>ratione</span> <span class='ocrx_word' id='word_1_354' title='bbox 369 4789 526 4879; x_wconf 67' lang='lat' dir='ltr'>fernme,-</span> <span class='ocrx_word' id='word_1_355' title='bbox 550 4792 605 4860; x_wconf 89' lang='lat' dir='ltr'>scd</span> <span class='ocrx_word' id='word_1_356' title='bbox 630 4791 819 4879; x_wconf 84' lang='lat' dir='ltr'>exponendo</span> <span class='ocrx_word' id='word_1_357' title='bbox 842 4790 905 4871; x_wconf 90' lang='lat' dir='ltr'>sic,</span> <span class='ocrx_word' id='word_1_358' title='bbox 928 4789 1014 4878; x_wconf 90' lang='lat' dir='ltr'>quod</span> <span class='ocrx_word' id='word_1_359' title='bbox 1039 4808 1150 4857; x_wconf 88' lang='lat' dir='ltr'>vorum</span> <span class='ocrx_word' id='word_1_360' title='bbox 1168 4796 1311 4858; x_wconf 88' lang='lat' dir='ltr'>creatum</span> <span class='ocrx_word' id='word_1_361' title='bbox 1337 4796 1460 4857; x_wconf 84' lang='lat' dir='ltr'>tantum</span> <span class='ocrx_word' id='word_1_362' title='bbox 1484 4790 1581 4857; x_wconf 82' lang='lat' dir='ltr'>ltalvet</span> <span class='ocrx_word' id='word_1_363' title='bbox 1603 4790 1643 4858; x_wconf 92' lang='lat' dir='ltr'>dc</span> <span class='ocrx_word' id='word_1_364' title='bbox 1667 4810 1717 4857; x_wconf 89' lang='lat' dir='ltr'>ve·</span> 
     </span>
     <span class='ocr_line' id='line_1_36' title="bbox 215 4906 1717 4994; baseline -0.001 -19"><span class='ocrx_word' id='word_1_365' title='bbox 215 4907 327 4984; x_wconf 78' lang='lat' dir='ltr'>ritate,</span> <span class='ocrx_word' id='word_1_366' title='bbox 350 4915 505 4994; x_wconf 88' lang='lat' dir='ltr'>quantum</span> <span class='ocrx_word' id='word_1_367' title='bbox 530 4907 673 4975; x_wconf 90' lang='lat' dir='ltr'>imitatur</span> <span class='ocrx_word' id='word_1_368' title='bbox 704 4907 869 4975; x_wconf 88' lang='lat' dir='ltr'>veritatem</span> <span class='ocrx_word' id='word_1_369' title='bbox 894 4912 1079 4988; x_wconf 87' lang='lat' dir='ltr'>aeternam,</span> <span class='ocrx_word' id='word_1_370' title='bbox 1102 4906 1148 4973; x_wconf 92' lang='lat' dir='ltr'>sic</span> <span class='ocrx_word' id='word_1_371' title='bbox 1172 4924 1285 4974; x_wconf 88' lang='lat' dir='ltr'>verum</span> <span class='ocrx_word' id='word_1_372' title='bbox 1310 4912 1374 4987; x_wconf 85' lang='lat' dir='ltr'>est,</span> <span class='ocrx_word' id='word_1_373' title='bbox 1398 4906 1484 4993; x_wconf 85' lang='lat' dir='ltr'>qvvod</span> <span class='ocrx_word' id='word_1_374' title='bbox 1515 4906 1634 4973; x_wconf 83' lang='lat' dir='ltr'>veritas</span> <span class='ocrx_word' id='word_1_375' title='bbox 1667 4923 1717 4974; x_wconf 90' lang='lat' dir='ltr'>ao-</span> 
     </span>
     <span class='ocr_line' id='line_1_37' title="bbox 216 5020 1716 5110; baseline -0.002 -20"><span class='ocrx_word' id='word_1_376' title='bbox 216 5030 308 5092; x_wconf 89' lang='lat' dir='ltr'>terna</span> <span class='ocrx_word' id='word_1_377' title='bbox 324 5030 372 5093; x_wconf 90' lang='lat' dir='ltr'>est</span> <span class='ocrx_word' id='word_1_378' title='bbox 389 5023 468 5091; x_wconf 89' lang='lat' dir='ltr'>ratio</span> <span class='ocrx_word' id='word_1_379' title='bbox 491 5023 661 5091; x_wconf 85' lang='lat' dir='ltr'>cuiuslibet</span> <span class='ocrx_word' id='word_1_380' title='bbox 675 5024 743 5091; x_wconf 89' lang='lat' dir='ltr'>veri</span> <span class='ocrx_word' id='word_1_381' title='bbox 760 5022 856 5091; x_wconf 90' lang='lat' dir='ltr'>creati</span> <span class='ocrx_word' id='word_1_382' title='bbox 873 5022 988 5090; x_wconf 90' lang='lat' dir='ltr'>-sed</span> <span class='ocrx_word' id='word_1_383' title='bbox 1004 5040 1046 5090; x_wconf 87' lang='lat' dir='ltr'>ex</span> <span class='ocrx_word' id='word_1_384' title='bbox 1064 5022 1124 5089; x_wconf 84' lang='lat' dir='ltr'>lioc</span> <span class='ocrx_word' id='word_1_385' title='bbox 1139 5022 1285 5090; x_wconf 90' lang='lat' dir='ltr'>concludi</span> <span class='ocrx_word' id='word_1_386' title='bbox 1301 5040 1362 5088; x_wconf 91' lang='lat' dir='ltr'>non</span> <span class='ocrx_word' id='word_1_387' title='bbox 1380 5028 1500 5108; x_wconf 88' lang='lat' dir='ltr'>potest,</span> <span class='ocrx_word' id='word_1_388' title='bbox 1524 5020 1609 5110; x_wconf 89' lang='lat' dir='ltr'>quod</span> <span class='ocrx_word' id='word_1_389' title='bbox 1626 5021 1716 5107; x_wconf 87' lang='lat' dir='ltr'>quid·</span> 
     </span>
     <span class='ocr_line' id='line_1_38' title="bbox 217 5136 1717 5226; baseline -0.003 -19"><span class='ocrx_word' id='word_1_390' title='bbox 217 5139 295 5226; x_wconf 87' lang='lat' dir='ltr'>quid</span> <span class='ocrx_word' id='word_1_391' title='bbox 313 5138 499 5225; x_wconf 88' lang='lat' dir='ltr'>intelligitur</span> <span class='ocrx_word' id='word_1_392' title='bbox 514 5138 711 5220; x_wconf 87' lang='lat' dir='ltr'>naturaliter,</span> <span class='ocrx_word' id='word_1_393' title='bbox 724 5139 755 5206; x_wconf 93' lang='lat' dir='ltr'>in</span> <span class='ocrx_word' id='word_1_394' title='bbox 772 5138 837 5207; x_wconf 88' lang='lat' dir='ltr'>Deo</span> <span class='ocrx_word' id='word_1_395' title='bbox 853 5138 935 5207; x_wconf 89' lang='lat' dir='ltr'>sient</span> <span class='ocrx_word' id='word_1_396' title='bbox 950 5137 986 5204; x_wconf 88' lang='lat' dir='ltr'>in</span> <span class='ocrx_word' id='word_1_397' title='bbox 1002 5136 1123 5204; x_wconf 84' lang='lat' dir='ltr'>obiecto</span> <span class='ocrx_word' id='word_1_398' title='bbox 1139 5136 1333 5223; x_wconf 89' lang='lat' dir='ltr'>intelligatur</span> <span class='ocrx_word' id='word_1_399' title='bbox 1349 5175 1393 5186; x_wconf 95' lang='lat'>-</span> <span class='ocrx_word' id='word_1_400' title='bbox 1408 5137 1555 5223; x_wconf 87' lang='lat' dir='ltr'>qvvamvis</span> <span class='ocrx_word' id='word_1_401' title='bbox 1574 5143 1717 5223; x_wconf 89' lang='lat' dir='ltr'>oporteat</span> 
     </span>
    </p>
   </div>
   <div class='ocr_carea' id='block_1_3' title="bbox 216 5438 1714 5808">
    <p class='ocr_par' dir='ltr' id='par_1_6' title="bbox 216 5438 1714 5609">
     <span class='ocr_line' id='line_1_39' title="bbox 307 5438 1714 5513; baseline -0.004 -17"><span class='ocrx_word' id='word_1_402' title='bbox 307 5443 315 5478; x_wconf 90' lang='lat'>¹</span> <span class='ocrx_word' id='word_1_403' title='bbox 337 5444 468 5513; x_wconf 82' lang='lat' dir='ltr'>Bpossel.</span> <span class='ocrx_word' id='word_1_404' title='bbox 487 5471 523 5483; x_wconf 99' lang='lat'>-</span> <span class='ocrx_word' id='word_1_405' title='bbox 542 5443 608 5496; x_wconf 87' lang='lat' dir='ltr'>Tota</span> <span class='ocrx_word' id='word_1_406' title='bbox 627 5443 691 5497; x_wconf 80' lang='lat' dir='ltr'>llaec</span> <span class='ocrx_word' id='word_1_407' title='bbox 710 5442 804 5497; x_wconf 90' lang='lat' dir='ltr'>solutio</span> <span class='ocrx_word' id='word_1_408' title='bbox 823 5443 944 5495; x_wconf 76' lang='lat' dir='ltr'>convenit</span> <span class='ocrx_word' id='word_1_409' title='bbox 963 5454 1024 5495; x_wconf 88' lang='lat' dir='ltr'>eum</span> <span class='ocrx_word' id='word_1_410' title='bbox 1043 5443 1074 5494; x_wconf 89' lang='lat' dir='ltr'>lis</span> <span class='ocrx_word' id='word_1_411' title='bbox 1092 5455 1160 5509; x_wconf 83' lang='lat' dir='ltr'>qvvue</span> <span class='ocrx_word' id='word_1_412' title='bbox 1173 5443 1198 5494; x_wconf 89' lang='lat' dir='ltr'>in</span> <span class='ocrx_word' id='word_1_413' title='bbox 1213 5440 1385 5508; x_wconf 85' lang='lat' dir='ltr'>praecedente</span> <span class='ocrx_word' id='word_1_414' title='bbox 1404 5440 1560 5507; x_wconf 83' lang='lat' dir='ltr'>Quaestione</span> <span class='ocrx_word' id='word_1_415' title='bbox 1578 5454 1639 5506; x_wconf 91' lang='lat' dir='ltr'>pag.</span> <span class='ocrx_word' id='word_1_416' title='bbox 1654 5438 1714 5491; x_wconf 68' lang='lat' dir='ltr'>atet.</span> 
     </span>
     <span class='ocr_line' id='line_1_40' title="bbox 216 5539 896 5609; baseline -0.003 -14"><span class='ocrx_word' id='word_1_417' title='bbox 216 5541 285 5595; x_wconf 86' lang='lat' dir='ltr'>dieta</span> <span class='ocrx_word' id='word_1_418' title='bbox 305 5548 382 5607; x_wconf 86' lang='lat' dir='ltr'>sunt;</span> <span class='ocrx_word' id='word_1_419' title='bbox 401 5541 448 5595; x_wconf 88' lang='lat' dir='ltr'>sed</span> <span class='ocrx_word' id='word_1_420' title='bbox 467 5543 515 5595; x_wconf 88' lang='lat' dir='ltr'>alla</span> <span class='ocrx_word' id='word_1_421' title='bbox 534 5547 573 5595; x_wconf 87' lang='lat' dir='ltr'>est</span> <span class='ocrx_word' id='word_1_422' title='bbox 591 5539 731 5609; x_wconf 84' lang='lat' dir='ltr'>utrobique</span> <span class='ocrx_word' id='word_1_423' title='bbox 750 5542 896 5608; x_wconf 87' lang='lat' dir='ltr'>applicatio.</span> 
     </span>
    </p>

    <p class='ocr_par' dir='ltr' id='par_1_7' title="bbox 306 5638 494 5710">
     <span class='ocr_line' id='line_1_41' title="bbox 306 5638 494 5710; baseline 0 -18"><span class='ocrx_word' id='word_1_424' title='bbox 306 5638 318 5675; x_wconf 82' lang='lat'><strong>¹</strong></span> <span class='ocrx_word' id='word_1_425' title='bbox 337 5641 356 5692; x_wconf 87' lang='lat' dir='ltr'>n</span> <span class='ocrx_word' id='word_1_426' title='bbox 375 5638 494 5710; x_wconf 80' lang='lat' dir='ltr'>intelligi.</span> 
     </span>
    </p>

    <p class='ocr_par' dir='ltr' id='par_1_8' title="bbox 306 5734 1108 5808">
     <span class='ocr_line' id='line_1_42' title="bbox 306 5734 1108 5808; baseline -0.001 -18"><span class='ocrx_word' id='word_1_427' title='bbox 306 5738 318 5774; x_wconf 79' lang='lat'>³</span> <span class='ocrx_word' id='word_1_428' title='bbox 336 5738 356 5790; x_wconf 84' lang='lat' dir='ltr'>B</span> <span class='ocrx_word' id='word_1_429' title='bbox 373 5751 532 5807; x_wconf 71' lang='lat' dir='ltr'>parsurm,</span> <span class='ocrx_word' id='word_1_430' title='bbox 554 5743 579 5791; x_wconf 86' lang='lat' dir='ltr'>et</span> <span class='ocrx_word' id='word_1_431' title='bbox 598 5737 663 5792; x_wconf 87' lang='lat' dir='ltr'>tnlra</span> <span class='ocrx_word' id='word_1_432' title='bbox 680 5736 852 5808; x_wconf 85' lang='lat' dir='ltr'>procedimus</span> <span class='ocrx_word' id='word_1_433' title='bbox 871 5738 928 5790; x_wconf 88' lang='lat' dir='ltr'>tneo</span> <span class='ocrx_word' id='word_1_434' title='bbox 944 5734 1108 5807; x_wconf 80' lang='lat' dir='ltr'>proceditur.</span> 
     </span>
    </p>
   </div>
   <div class='ocr_carea' id='block_1_4' title="bbox 329 5858 715 5917">
    <p class='ocr_par' dir='ltr' id='par_1_9' title="bbox 329 5858 715 5917">
     <span class='ocr_line' id='line_1_43' title="bbox 329 5858 715 5917; baseline -0.008 -11"><span class='ocrx_word' id='word_1_435' title='bbox 329 5858 358 5906; x_wconf 78' lang='lat' dir='ltr'>lle</span> <span class='ocrx_word' id='word_1_436' title='bbox 374 5859 476 5905; x_wconf 71' lang='lat' dir='ltr'>lanam</span> <span class='ocrx_word' id='word_1_437' title='bbox 489 5860 612 5917; x_wconf 78' lang='lat' dir='ltr'>cognitionis</span> <span class='ocrx_word' id='word_1_438' title='bbox 626 5860 715 5903; x_wconf 78' lang='lat' dir='ltr'>ratione.</span> 
     </span>
    </p>
   </div>
   <div class='ocr_carea' id='block_1_5' title="bbox 0 0 1940 6486">
    <p class='ocr_par' dir='ltr' id='par_1_10' title="bbox 0 0 1940 6486">
     <span class='ocr_line' id='line_1_44' title="bbox 0 0 1940 6486; baseline 0 0"><span class='ocrx_word' id='word_1_439' title='bbox 0 0 1940 6486; x_wconf 95' lang='lat' dir='ltr'> </span> 
     </span>
    </p>
   </div>
  </div>
 </body>
</html>
