3870 6488
726 808 775 857 ra.
798 808 946 857 nrcnaanr
970 808 991 857 a
1013 810 1214 859 narrarunt.
1654 794 1719 863 ata

217 948 318 996 arnurn
343 948 400 1017 ρον
423 930 584 1011 accidens,
609 931 652 999 ita
668 932 754 1019 quod
779 931 958 1001 intellectus
974 933 1029 1001 illo
1052 934 1172 1003 lunrine
1188 936 1285 1023 possit
1302 935 1363 1004 dici
1380 936 1587 1003 illuminatus.
1604 940 1722 1023 Quant-

218 1046 267 1114 ris
287 1054 393 1115 autern
420 1047 527 1114 lurneu
550 1052 716 1115 aeternum
740 1048 781 1115 sit
804 1050 906 1135 magis
930 1049 1077 1117 intimrun
1102 1051 1273 1119 intellectui
1306 1071 1402 1139 νριονιν
1427 1052 1534 1120 tuanen
1559 1059 1718 1134 creatum,

218 1181 282 1250 qno
305 1163 494 1230 informatur
518 1162 698 1232 intellectus
720 1170 865 1245 creatus,
888 1171 994 1234 minen
1017 1184 1059 1234 ex
1083 1167 1152 1253 ipso
1175 1174 1206 1235 et
1230 1167 1391 1235 intellectu
1415 1174 1521 1235 creato
1544 1187 1606 1234 non
1624 1167 1668 1236 sic
1685 1168 1719 1235 fo

218 1297 318 1346 ununr
343 1296 400 1366 ρον·
422 1278 585 1360 οοοίοοννο,
608 1279 691 1347 sicut
713 1298 756 1347 ον
780 1279 941 1350 intellectu
965 1291 1072 1351 creato
1094 1289 1126 1350 et
1143 1282 1262 1351 larinine
1278 1290 1399 1364 creato,
1423 1302 1486 1371 (ρνο
1510 1284 1718 1364 intorrnatur;

216 1395 302 1462 unde
324 1413 382 1463 nec
406 1395 483 1462 illo¹
508 1405 638 1464 aeterno
662 1396 781 1466 lumine
805 1404 912 1484 posset
928 1397 990 1467 diei
1014 1398 1193 1466 intellectus
1222 1399 1435 1480 illuminatus,
1467 1401 1527 1468 nisi
1560 1398 1719 1467 medianto

215 1517 321 1579 creato
346 1512 483 1594 luurine,
506 1532 570 1599 quo
593 1512 792 1581 informatur.
817 1513 998 1583 Intellectus
1020 1521 1127 1582 autern
1154 1514 1304 1601 intelligit
1338 1533 1395 1602 ρον
1431 1516 1554 1595 lumen,
1589 1534 1650 1584 non
1685 1517 1717 1583 in

216 1634 371 1714 quantum
395 1628 453 1695 silai
479 1628 627 1697 intirrruna
651 1638 796 1709 tanturn,
820 1629 876 1698 sed
900 1630 976 1718 quia
1000 1630 1054 1697 illo
1078 1630 1198 1698 lurnine
1234 1630 1442 1699 illuminatur.
1480 1631 1574 1699 Etsi
1596 1632 1718 1719 orgeio

215 1743 328 1822 oltra,
353 1744 377 1811 si
403 1742 529 1825 lumen,
553 1745 637 1832 qarod
662 1752 710 1813 est
734 1746 765 1813 in
790 1745 912 1826 aredio,
929 1764 1030 1834 aetgue
1046 1754 1129 1814 esset
1145 1747 1293 1813 intirourn
1310 1748 1488 1815 medionon
1507 1748 1716 1827 informando,

216 1859 298 1926 sicut
320 1859 416 1927 rrrodo
432 1866 480 1928 est
496 1861 710 1943 intorrnnnd03
727 1870 758 1929 et
775 1862 901 1942 lurnen,
925 1881 989 1949 quo
1006 1862 1194 1930 inforrnatur
1211 1861 1324 1929 ocutus
1340 1863 1497 1949 corporis,
1515 1870 1597 1930 esset
1614 1880 1717 1949 aetrno

216 1973 363 2042 intimum
386 1976 479 2043 oculo
502 1994 573 2043 non·
588 1976 804 2056 informando,
828 1978 910 2046 sicut
934 1977 1028 2044 nando
1050 1985 1098 2045 est
1123 1977 1340 2055 intornrand03
1375 1985 1407 2046 et
1444 1978 1602 2059 caliditas,
1634 1996 1716 2065 quae

215 2096 264 2158 est
295 2091 325 2157 in
349 2109 433 2178 aqua
456 2091 630 2161 informans
653 2093 772 2179 ipsam,
795 2100 879 2160 esset
902 2111 1003 2181 aeque
1038 2094 1148 2161 intima
1171 2111 1273 2181 aquae
1297 2112 1358 2160 non
1388 2093 1608 2171 informando,
1635 2093 1717 2161 sicut

215 2213 264 2273 est
288 2206 503 2274 informando:
528 2208 665 2290 ridetur,
690 2209 774 2296 quod
799 2211 854 2276 aer
877 2216 961 2277 esset
984 2217 1107 2277 tantauu
1132 2210 1344 2291 illuminatus,
1375 2212 1457 2279 sicut
1481 2212 1574 2278 ruodo
1597 2218 1662 2292 est,
1686 2219 1718 2279 et

215 2321 329 2389 oculus
352 2322 395 2390 ita
419 2322 634 2406 illuminatus,
659 2324 741 2392 sicut
764 2325 859 2392 ruodo
882 2332 946 2406 est,
970 2333 1002 2393 et
1023 2344 1108 2413 aqua
1131 2327 1174 2395 ita
1203 2326 1326 2407 calida,
1350 2326 1431 2395 sicut
1460 2327 1555 2395 rnodo
1585 2332 1650 2406 est:
1683 2335 1714 2394 et

216 2456 258 2504 ex
282 2438 503 2526 consequenti,
526 2439 612 2527 quial
637 2440 750 2509 oculus
773 2448 880 2527 posset
903 2441 946 2509 ita
977 2442 1108 2521 ridere,
1132 2442 1333 2509 sicutmodo
1365 2442 1467 2523 videt,
1498 2448 1529 2509 et
1557 2460 1640 2529 aqua
1672 2442 1715 2510 ita

217 2556 406 2637 calefacere,
431 2557 512 2625 sicut
537 2557 631 2624 rnodo
654 2556 816 2625 calefacit:
842 2575 918 2643 ergo
945 2576 987 2625 ex
1011 2557 1215 2644 consequenti
1236 2563 1268 2626 et
1303 2557 1481 2625 intellectus
1512 2564 1639 2625 creatus
1674 2557 1717 2624 ita

220 2679 323 2758 potest
345 2671 521 2759 intelligere
545 2691 602 2759 ρον
626 2673 938 2754 laurea-aeternum,
961 2692 1024 2741 non
1048 2674 1206 2741 mediante
1230 2673 1349 2741 lumine
1374 2680 1489 2753 creato,
1514 2681 1643 2760 parapter
1662 2674 1712 2742 sui

219 2787 418 2856 intirnitatern
441 2789 502 2874 ipsi
526 2788 716 2869 intellectui,
739 2807 776 2856 ac
799 2789 825 2857 si
850 2789 929 2857 illo¹
953 2789 1179 2858 informaretur
1203 2789 1382 2858 intellectus
1397 2828 1441 2839 -
1456 2789 1503 2856 ad
1519 2786 1579 2856 doc
1594 2809 1652 2877 ορο
1668 2809 1716 2856 re

214 2905 358 2990 νροονλοο
379 2904 528 2984 dicendo,
552 2905 656 2992 quod,
681 2906 889 2991 positionibus
912 2905 976 2973 illis
999 2906 1150 2986 retentis,
1173 2906 1321 2992 quarnris
1344 2912 1467 2972 tantum
1491 2910 1574 2973 essct
1597 2905 1639 2973 de
1670 2905 1715 2973 lu·

215 3021 300 3089 rnine
324 3023 356 3089 in
378 3023 468 3102 aire,
492 3022 574 3089 sicut
597 3022 691 3089 ruodo
713 3029 898 3103 ost,tune1r
921 3024 976 3089 aer
993 3022 1047 3088 illo
1065 3021 1184 3089 taurino
1199 3040 1261 3088 nean
1279 3021 1534 3100 illuminaretur3
1557 3028 1588 3089 ct
1603 3041 1713 3108 quarn·

216 3137 264 3205 vis
287 3144 411 3205 uotum
435 3143 518 3205 essct
533 3136 573 3205 de
590 3138 710 3205 lumine
727 3137 757 3204 in
781 3138 889 3219 oculo,
905 3143 1060 3224 quantum
1078 3137 1172 3205 nrodo
1187 3145 1251 3217 est,
1269 3144 1373 3204 tamen
1391 3137 1504 3205 oculus
1520 3137 1574 3204 illo
1595 3137 1715 3205 lunrine

216 3271 277 3320 non
296 3253 546 3333 illuminantium
560 3260 591 3321 et
603 3255 750 3341 quantus
766 3260 888 3321 tanturn
912 3260 995 3322 esset
1011 3254 1051 3322 de
1075 3253 1234 3322 caliditate
1250 3254 1280 3320 in
1305 3273 1405 3341 aqrra,
1421 3252 1601 3340 quardnrn⁸
1620 3254 1714 3320 inodo

215 3377 279 3451 est,
303 3378 408 3436 tannen
434 3369 487 3435 illa
510 3369 670 3437 caliditate
693 3388 777 3457 aqua
800 3390 862 3437 non
878 3379 961 3457 osset
977 3370 1088 3438 callida
1115 3370 1159 3436 Ex
1184 3388 1248 3456 (ρνο
1264 3369 1610 3455 ultoriussequoretur.
1626 3370 1712 3456 (ρνοιΙ

215 3486 273 3553 etsi
297 3485 377 3552 illud
402 3485 528 3565 lurnen,
552 3486 638 3572 quod
662 3493 745 3553 esset
769 3485 799 3551 in
823 3488 915 3567 aire,
950 3484 1072 3572 aliquid
1106 3484 1192 3552 aliud
1218 3485 1258 3552 al]
1280 3487 1355 3552 aire
1378 3490 1483 3571 ροοοοῑ
1514 3485 1714 3567 illuminare,

215 3601 300 3689 quod
325 3608 430 3668 muron
454 3601 514 3667 ista
536 3601 617 3669 actio
641 3619 702 3668 non
728 3601 921 3668 attribuetur
955 3602 1043 3673 aeri:
1068 3607 1099 3669 et
1122 3600 1267 3668 sirniliter
1298 3601 1364 3686 ipse
1395 3600 1509 3667 oculus
1544 3618 1602 3686 ρον
1634 3600 1713 3668 illud

216 3717 400 3785 lurnennon
414 3716 634 3798 videret,cu1u
650 3735 706 3803 ρον
719 3717 798 3784 illud
818 3717 923 3785 lurneu
941 3736 1003 3784 non
1016 3725 1099 3785 esset
1116 3716 1327 3796 illurninatus;
1340 3724 1371 3783 ot
1387 3716 1532 3784 similitor
1545 3717 1614 3802 ipsa
1629 3736 1713 3801 :aqrra

215 3832 381 3919 perillam
407 3832 598 3900 caliditatem
623 3851 684 3899 non
710 3833 911 3912 calefaceret,
936 3851 1009 3899 curn
1035 3832 1089 3899 illa
1112 3831 1271 3899 caliditate
1294 3830 1396 3899 calida
1419 3850 1482 3898 non
1505 3838 1603 3911 essee
1628 3831 1714 3899 uude

215 3948 273 4016 etsi
310 3948 364 4015 illa
398 3948 541 4016 caliditas
565 3947 764 4027 calefaceret,
788 3966 850 4015 non
875 3954 979 4014 tritten
1005 3953 1111 4033 posset
1134 3947 1195 4015 dici
1219 3966 1303 4034 aqua
1326 3947 1497 4015 calefacere
1521 3966 1578 4033 ρον
1614 3947 1711 4014 illato.

216 4064 404 4151 Exernplurn
430 4064 603 4145 habemus,
618 4064 721 4150 qtrnd,
745 4064 892 4151 qrrarnris
915 4063 1052 4150 Angelus
1075 4063 1216 4131 existens
1240 4063 1270 4129 in
1296 4081 1428 4150 corporo
1457 4072 1599 4131 assrrruto
1627 4062 1714 4130 intol-

215 4179 312 4266 ligere
335 4180 449 4266 possit,
473 4158 578 4247 tartren
603 4198 721 4266 crrrpus
743 4186 921 4247 assuanturn
947 4198 1009 4247 non
1033 4186 1136 4266 potest
1158 4179 1220 4247 dici
1244 4177 1419 4263 intelligere
1442 4198 1500 4267 ρον
1524 4179 1629 4266 ipsunt
1657 4180 1713 4245 :ln-

214 4296 338 4380 gelant,
361 4314 399 4362 eo
422 4295 507 4381 quod
534 4296 600 4380 ipso
625 4294 741 4380 ,lugelo
761 4313 824 4361 non
848 4294 1048 4361 informatur.
1072 4294 1116 4361 lta
1140 4294 1211 4362 dico
1238 4294 1277 4360 do
1296 4294 1455 4361 intellectu
1479 4299 1602 4371 creato,
1626 4294 1713 4379 (ρνονί

215 4411 240 4477 si
265 4410 387 4490 truneu,
410 4428 474 4497 quo
498 4410 698 4489 informatur,
722 4416 805 4477 esset
828 4410 887 4477 sibi
911 4429 1013 4497 taetrae
1036 4409 1200 4490 intinturn,
1223 4410 1306 4477 sicut
1330 4409 1427 4476 niodo
1450 4417 1506 4491 est,
1530 4417 1561 4476 et
1581 4428 1643 4476 non
1672 4409 1714 4474 in·

213 4525 383 4607 forrnaret,
407 4525 493 4613 quod
517 4544 575 4612 per
599 4524 678 4593 illud
704 4526 811 4592 lunren
837 4543 898 4592 non
923 4524 1124 4609 intelligeret.

302 4643 332 4707 8.
357 4641 401 4708 td
427 4640 506 4708 illud
530 4640 616 4728 quod
639 4641 835 4726 arguebatur
859 4648 986 4725 octavo,
1012 4639 1097 4725 quod
1124 4639 1254 4708 scientia
1277 4646 1326 4707 est
1349 4640 1388 4707 de
1412 4639 1509 4707 rebus
1533 4638 1713 4705 inunrrtabi-

215 4755 298 4822 lilius
321 4764 395 4831 etc.;
419 4756 507 4837 ilico,
531 4757 616 4843 quod
641 4756 685 4824 sic
710 4756 804 4824 defiet
828 4755 978 4841 intelligi,
1001 4755 1086 4841 qarod
1110 4754 1212 4835 illud,
1237 4755 1276 4822 de
1300 4774 1364 4842 (ρνο
1377 4755 1489 4841 primo
1505 4760 1552 4823 est
1569 4754 1713 4833 scientia,

215 4872 273 4939 Ινοο
296 4880 344 4939 est
367 4872 472 4958 igtsurn
496 4871 697 4945 universale,
720 4891 781 4938 non
806 4879 854 4939 est
878 4871 1052 4939 rarutrlrite⁴
1078 4871 1154 4938 reali
1180 4871 1354 4938 tractatione
1376 4870 1604 4958 corruptionis,
1628 4869 1713 4956 (arria,

213 4989 270 5055 etsi
306 4988 479 5073 singularia
513 4995 771 5072 corrumpantur,
794 4987 916 5074 species
940 4993 1045 5054 morou
1071 4995 1237 5074 pcrruanet
1260 4994 1291 5054 et
1315 4986 1527 5073 perraranelrit,
1558 4983 1713 5072 qrurrudiu

215 5122 271 5190 ρον
293 5102 523 5171 revolutionem
547 5103 626 5171 caeli
650 5103 810 5189 generatio
833 5108 865 5171 ct
886 5104 1049 5191 corruptio
1073 5103 1132 5171 silai
1156 5103 1327 5171 succedent
1351 5102 1382 5168 in
1407 5103 1504 5170 robus
1528 5098 1714 5187 generabili-

305 5399 313 5434 ¹
334 5401 353 5450 B
372 5397 424 5453 illc.
446 5398 542 5450 ltctrrto
562 5398 627 5450 intra
647 5398 667 5450 d
686 5399 779 5451 omittit
794 5411 877 5467 argare
896 5400 963 5452 essct
982 5397 1107 5451 mitreum
1125 5397 1221 5451 trtedio.

303 5498 314 5532 ²
333 5499 353 5550 d
372 5496 424 5553 ille.

303 5595 454 5663 ³daicut,
474 5600 501 5649 ct
518 5610 578 5648 mox
598 5601 657 5647 riute
676 5594 745 5649 illud
763 5595 854 5650 farraceo
881 5598 975 5649 orrrtttit
993 5594 1050 5661 rtai,
1072 5595 1166 5648 ‹lofndo
1186 5597 1259 5661 ροινίῑ
1275 5594 1339 5665 garira
1358 5596 1449 5648 tornea
1462 5595 1518 5647 toro
1531 5593 1603 5664 guod
1615 5596 1713 5647 trrrrwu.

303 5692 353 5747 ‘d
371 5708 511 5762 ρονρονοννν
531 5691 696 5749 tolerantiae
705 5714 716 5761 ;
735 5694 800 5747 intra
820 5694 839 5746 ll
857 5693 1006 5750 srrccrduot
1022 5694 1079 5748 loco
1096 5691 1250 5762 succedent,
1271 5699 1297 5749 ct
1315 5708 1376 5747 moa
1395 5694 1415 5746 d
1434 5691 1508 5763 gued
1525 5706 1574 5759 ρνο
1593 5691 1664 5763 quio.
