3870 6488
489 1282 856 1402 celestio
903 1280 1329 1397 DlSPUTATA

634 1545 706 1679 ra.
737 1545 935 1679 recuses
963 1461 1184 1625 euoenon.

329 2204 587 2304 caesennae
608 2222 734 2299 demum
756 2222 795 2296 de
818 2222 888 2315 ipsa
909 2221 966 2296 Dei
990 2223 1148 2315 sapientia
1171 2222 1220 2297 rel
1242 2223 1310 2296 luce
1332 2223 1483 2313 warna,

234 2337 345 2427 nuum
368 2338 413 2411 sit
435 2337 521 2410 ratio
543 2337 763 2431 agnoscendi,
787 2337 940 2433 quidquid
962 2337 1226 2417 intellectualiter
1248 2338 1444 2432 cognoscitur
1465 2338 1500 2410 in
1521 2337 1585 2410 aia

245 2572 457 2654 coemeter,
480 2572 569 2663 qued
589 2592 680 2649 aea:

211 2755 215 2764 .
246 2693 275 2758 l.
298 2690 380 2777 Quia
403 2689 435 2758 in
457 2689 565 2758 anima
587 2696 636 2758 est
659 2689 717 2758 lux
740 2688 915 2772 naturalis,
942 2708 1025 2777 quea
1048 2698 1096 2758 est
1119 2689 1175 2758 lux
1200 2690 1323 2778 egentis
1347 2688 1569 2771 intellectus¹;
1600 2686 1657 2757 sed

154 2805 213 2874 lux
238 2805 393 2876 normalis
426 2803 544 2874 sufficit
573 2805 605 2874 in
640 2804 822 2892 operatione
847 2805 1067 2876 intellectuali:
1100 2823 1177 2894 erge
1204 2824 1266 2874 non
1301 2805 1421 2892 inligat
1443 2805 1506 2872 alio
1536 2804 1657 2873 lumine

154 2921 391 3011 supernaturali
415 2939 490 2991 curu
514 2928 638 2990 natura.
1253 2918 1255 2922 “
1491 2994 1494 3007 .

167 3082 171 3091 ·
242 3040 272 3107 2
298 3035 567 3135 Probatur‚uqnia
588 3055 680 3106 amor
702 3037 858 3107 naturalis
881 3038 913 3106 in
936 3045 1025 3107 motu
1048 3037 1167 3107 ameria
1184 3035 1320 3106 naturali
1336 3054 1399 3105 non
1416 3036 1536 3124 indiget
1550 3035 1657 3123 aliquo

152 3153 236 3223 dono
257 3150 512 3241 supernaturali:
541 3169 619 3240 erge
642 3169 700 3221 nec
722 3152 868 3240 cognitio.
1068 3222 1069 3227 ,

225 3267 272 3345 a.
296 3267 392 3351 item,
420 3267 523 3337 torma
551 3273 671 3356 quanto
694 3267 948 3348 unmaoerialicn
971 3274 1058 3338 tanto
1080 3267 1237 3357 potentior
1254 3267 1285 3352 ¹3
1308 3268 1364 3338 sed
1380 3268 1427 3338 sol
1447 3286 1506 3358 per
1521 3268 1654 3338 tonnam

151 3406 244 3458 suern
267 3386 427 3456 illuminat
448 3383 555 3453 omnia
578 3384 756 3472 corporalia
778 3391 811 3453 et
833 3384 1042 3472 corporaliter
1068 3383 1308 3474 cognoscibilia:
1331 3401 1411 3474 ergo
1432 3384 1652 3471 multomagis

152 3502 332 3572 intellectus
354 3518 452 3589 agene
475 3499 592 3568 suffieit
614 3500 655 3568 eu
680 3499 926 3568 illuminandum
950 3500 1056 3567 nennio
1079 3497 1334 3569 intellectualiter
1353 3500 1586 3587 cognoscibilia.

238 3618 271 3687 t.
295 3616 391 3698 item,
413 3616 499 3704 quod
522 3622 572 3685 est
603 3615 685 3684 ratio
708 3615 916 3703 cognoscendi
947 3615 1103 3698 aiterum,
1125 3615 1232 3704 ipsum
1254 3621 1304 3685 eat
1326 3616 1428 3705 mag‘s
1441 3623 1588 3699 ,notnm,
1620 3623 1656 3685 ut

151 3740 238 3823 potet
258 3733 300 3804 da
315 3733 471 3821 principio
494 3739 526 3800 ct
541 3731 742 3802 conclusione
755 3731 784 3800 ⁸:
808 3750 885 3820 ergo
900 3731 926 3801 ai
951 3731 1010 3801 lux
1026 3731 1134 3801 (lirina
1156 3740 1207 3802 eet
1220 3732 1302 3802 ratio
1323 3732 1532 3821 cognoscendi
1548 3733 1655 3801 omnia

150 3850 214 3919 alia
237 3847 469 3936 intelligibilia,
492 3848 563 3936 ipsa
584 3854 633 3918 est
655 3847 797 3917 maxima
819 3848 953 3935 cognita

240 3968 270 4035 t.
294 3966 390 4047 lwrn,
412 3965 504 4054 prius
519 3972 568 4034 est
581 3964 764 4034 absolutum
788 3981 886 4053 quam
909 3969 1129 4052 comparatum
1143 3964 1174 4047 ⁴,
1197 3982 1274 4052 ergo
1296 3972 1328 4034 et
1347 3964 1438 4053 prins
1454 3964 1656 4053 eogerescitur

149 4082 333 4153 absolutum
357 4099 454 4171 qnam
477 4089 710 4169 comparatum:
735 4097 812 4168 ergo
834 4081 861 4148 si
884 4079 944 4149 lun
967 4080 1081 4149 uisne
1098 4080 1264 4168 attingitur
1281 4088 1317 4149 ut
1341 4082 1421 4150 ratio
1444 4079 1655 4169 cognoscendi

149 4199 230 4283 elia,
253 4199 322 4289 ipsa
344 4197 489 4269 absume
512 4197 603 4287 prius
626 4196 791 4285 attingitur
814 4197 846 4265 in
870 4214 904 4266 aa
928 4197 1014 4285 ipsa;
1036 4196 1123 4286 quod
1146 4196 1256 4267 nullus
1278 4198 1430 4268 concedit
1462 4286 1465 4293 Ι

818 4417 985 4488 courel:

242 4628 271 4695 l.
294 4623 485 4696 inselmus⁸
509 4624 601 4695 dicit:
631 4624 784 4694 «Veritas
805 4630 854 4692 est
876 4621 909 4691 in
931 4623 1068 4693 essentia
1083 4623 1226 4693 omniurn
1250 4641 1334 4712 quae
1357 4631 1448 4707 sunt,
1463 4630 1496 4692 et
1515 4632 1563 4693 est
1578 4625 1654 4694 assi-

151 4741 275 4812 miletis
289 4759 363 4812 cum
381 4759 508 4810 summa
531 4741 710 4810 essentiae:
734 4757 811 4828 ergo
838 4757 1003 4828 nunquam
1025 4740 1164 4828 perlecta
1179 4739 1380 4828 cognoscitur
1396 4739 1654 4828 perissetque,

149 4857 212 4927 nisi
236 4857 279 4928 ita
301 4856 387 4946 quod
410 4856 585 4944 attingatur
607 4855 639 4925 in
663 4855 718 4924 iila
740 4855 885 4925 nentia

241 5069 249 5107 ¹
269 5072 386 5141 Aristot,
404 5071 442 5125 lll.
461 5070 495 5125 de
513 5071 622 5136 Animo,
641 5074 700 5124 text
725 5066 763 5122 ti.
782 5069 816 5137 (c.
835 5068 882 5136 5.).

237 5167 250 5206 ¹
268 5169 385 5236 Amat,
403 5169 431 5223 ll
450 5168 484 5223 de
502 5169 595 5222 Gener.
614 5174 641 5223 et
657 5166 779 5236 Corrupt
799 5173 858 5221 tent.
878 5165 921 5220 53.
941 5165 974 5233 (u.
993 5167 1031 5235 e.)
1049 5167 1100 5221 alt:
1120 5165 1240 5221 lieterm
1258 5167 1328 5220 enlm
1347 5172 1387 5221 ost
1407 5168 1461 5235 pull
1486 5172 1512 5221 et
1533 5167 1652 5222 ruoserl:

148 5278 259 5322 merere
276 5274 365 5321 autern
383 5272 409 5321 et
426 5265 512 5321 lecara
529 5266 635 5320 alenus
655 5266 793 5334 potenter.

240 5362 387 5430 Ἀήεῑοι,
406 5364 423 5418 l.
441 5364 539 5419 Peawr.
559 5378 582 5419 c.
602 5365 626 5418 i.

238 5460 386 5530 ⁴Arlslot‚
404 5462 422 5517 1.
443 5462 522 5517 Euhie.
541 5477 564 5517 e
584 5463 617 5516 t:
636 5461 665 5516 ld
683 5468 771 5516 autom
790 5460 863 5532 quood
882 5475 930 5529 par
948 5474 977 5514 ee
995 5467 1035 5515 est
1052 5467 1078 5516 et
1097 5458 1258 5529 subeuntia,
1277 5460 1320 5515 lllo
1339 5460 1412 5530 quod
1431 5466 1472 5515 est
1497 5460 1532 5515 ad
1551 5459 1650 5531 ailquid

170 5561 227 5616 elus
243 5567 284 5616 est
300 5566 401 5616 ualuere.

150 5574 170 5629 p
240 5658 369 5727 ‘Dialog
388 5657 422 5735 rie
442 5652 572 5725 Varinio,
593 5672 615 5712 c.
635 5657 669 5711 7:
689 5658 730 5713 list
751 5659 830 5724 lgltuc
848 5658 945 5710 teritus
968 5658 993 5710 iu
1022 5658 1141 5710 oninium
1169 5671 1237 5727 quoe
1264 5662 1326 5712 sunt
1353 5659 1464 5712 essentia
1476 5675 1483 5724 ;
1511 5659 1572 5727 quuia
1601 5658 1651 5712 luoc

150 5765 225 5826 suar,
243 5756 316 5827 qnod
334 5759 360 5810 ln
379 5770 483 5812 sunum
502 5759 696 5813 succeserunt.
