3870 6488
790 807 837 856 un.
862 806 1035 855 eusrucuu.
1602 789 1663 855 187
1706 822 1714 833 -

160 934 330 1004 directiras
354 933 474 1003 iudicat
497 951 587 1001 mens
610 932 651 1002 de
674 930 841 1013 omuibus,
864 938 896 1000 et
920 938 1025 999 tamen
1049 949 1112 998 nou
1136 931 1222 999 ridet
1246 929 1331 1000 illam
1349 928 1519 1000 Veritatem
1545 929 1665 998 increa-

159 1057 240 1135 tam,
262 1051 355 1120 cuius
377 1057 453 1120 sunt
474 1067 647 1138 expressae
671 1048 895 1117 similitudines
918 1047 940 1129 ¹3
962 1047 1045 1116 sicut
1068 1046 1161 1115 rideo
1184 1046 1296 1115 taciem
1320 1046 1457 1114 hominis
1474 1045 1504 1113 in
1522 1046 1662 1133 speemo,

159 1184 257 1256 quam
278 1186 342 1236 uon
366 1166 459 1237 rideo
483 1166 665 1236 immediate
688 1173 903 1255 praesentem,
935 1165 1011 1254 quia
1045 1174 1094 1234 est
1127 1173 1214 1235 retro
1248 1184 1319 1246 me,
1344 1165 1389 1234 sic
1423 1165 1500 1233 istas
1535 1164 1665 1251 regulas

133 1263 250 1354 'meua
273 1284 360 1353 uerit
383 1284 416 1353 in
439 1301 474 1353 sa
497 1284 579 1372 ipsa,
602 1291 635 1353 et
657 1291 763 1353 cetera
786 1284 874 1351 norit
895 1301 954 1371 per
976 1283 1079 1370 ipsas;
1102 1301 1160 1352 uec
1185 1289 1291 1353 tamen
1314 1283 1416 1353 mum
1440 1282 1526 1353 ridet
1558 1282 1666 1352 liniue

159 1400 244 1470 diate
266 1399 299 1469 in
322 1418 381 1470 sua
403 1399 604 1488 quidditats,
626 1400 721 1470 euius
742 1406 818 1468 sunt
841 1399 914 1469 illae
937 1398 1172 1469 similitudines

438 1906 725 2015 QUAESTIO
755 1906 1083 1993 DISPUTATA
1119 1902 1387 1993 SECUNDA

774 2178 830 2246 eu.
855 2177 1056 2247 EUSTthHll.

368 2638 505 2713 maudo
519 2638 701 2733 quaeritur,
718 2638 829 2710 utrum
843 2638 954 2711 anima
969 2637 1137 2711 rationalis
1151 2636 1271 2731 corpori
1287 2636 1454 2712 coniuncta

250 2756 415 2848 cognom
436 2774 493 2851 per
514 2753 713 2829 iutedeetum
736 2752 854 2829 formes
877 2751 1126 2845 substantiales,
1149 2754 1214 2827 sire
1237 2753 1435 2848 quidditatea
1458 2774 1576 2828 rerum.

255 2990 352 3077 Quod
371 2990 445 3071 eie,
468 2989 675 3059 ostertditnr:

254 3110 283 3176 t.
306 3106 365 3181 Per.
387 3106 584 3179 Aristotelem
599 3105 740 3177 mcuudo
756 3105 796 3175 de
812 3105 954 3188 animm,
969 3106 1024 3195 qui
1040 3106 1131 3184 dicit,
1147 3105 1234 3193 quod
1250 3106 1409 3175 obiectum
1433 3124 1547 3177 sensus
1558 3108 1667 3196 perti

159 3221 293 3293 cenric
315 3230 364 3293 est
387 3222 503 3317 quale,
527 3241 641 3291 sensus
655 3223 842 3291 ceremonia
857 3232 1037 3312 quantum,
1061 3229 1092 3292 et
1115 3221 1275 3292 obiectum
1300 3222 1481 3293 taiettectna
1503 3208 1551 3294 ’est
1567 3224 1665 3315 qnid,

31 3388 40 3401 ·
161 3338 224 3409 boc
244 3347 293 3409 est
314 3338 495 3430 quidditas‚
518 3340 586 3409 sire
609 3339 712 3409 torma
734 3339 952 3408 substantialis
977 3340 1033 3409 rei.

251 3458 283 3525 2.
307 3455 402 3539 item,
424 3456 486 3525 hoc
508 3455 585 3527 dicit
606 3456 784 3525 tricenna¹
808 3463 852 3539 ,et
882 3455 1021 3543 tllgazel,
1044 3456 1130 3545 quod
1159 3456 1339 3527 intellectus
1368 3459 1528 3545 cognoscit
1556 3476 1665 3527 rernm

159 3573 315 3642 essentias
336 3572 515 3643 denudatas
537 3572 579 3641 ab
600 3572 798 3661 appendiciis
820 3572 1060 3655 materialibus,
1075 3572 1255 3643 cuiusmodi
1279 3581 1355 3643 sunt
1368 3574 1548 3662 qualitates,
1569 3594 1667 3664 quau-

163 3686 269 3759 titates
289 3695 323 3759 et
346 3688 541 3761 huiusmodi.

252 3804 283 3874 8.
307 3803 403 3887 ltem,
425 3805 508 3875 sicut
531 3822 647 3875 sensus
667 3813 717 3875 est
740 3806 788 3874 ris
810 3806 935 3874 animae
957 3807 1100 3875 exterior
1123 3806 1287 3894 pertinens
1309 3806 1350 3875 ad
1379 3807 1573 3876 exteriorem
1609 3808 1663 3876 lio

162 3922 297 4005 minem,
319 3921 366 3991 sic
389 3921 569 3991 intellectus
590 3929 640 3991 est
663 3922 711 3991 ris
734 3922 859 3990 animae
884 3922 1015 3991 interior
1039 3922 1199 4011 pertinens
1214 3922 1255 3990 ad
1281 3922 1463 3991 interiore-m
1476 3922 1505 4003 ⁴3
1527 3923 1583 3991 sed
1597 3942 1665 3991 sen·

161 4057 234 4121 sus,
256 4039 333 4127 quia
354 4045 404 4109 est
427 4039 475 4109 ris
504 4038 668 4123 exterior,
702 4040 862 4126 cognoscit
895 4041 1015 4108 lormas
1047 4039 1240 4120 exteriores,
1270 4038 1353 4107 sieut
1387 4046 1462 4106 suut
1496 4038 1666 4127 qualitates

161 4153 362 4243 corporales,
385 4153 577 4243 quantitates
599 4161 632 4224 et
654 4154 860 4223 huiusmodi:
884 4174 961 4243 ergo
984 4154 1130 4223 similiter
1152 4154 1350 4238 intellectus,
1366 4155 1442 4243 quia
1458 4155 1506 4224 vis
1522 4154 1665 4239 interior,

161 4270 322 4358 cognoscit
338 4270 456 4340 formas
478 4269 659 4352 interiores
681 4289 765 4358 quae
788 4279 864 4338 sunt
886 4272 1007 4340 turmae
1029 4271 1264 4341 substantiales

251 4387 284 4456 t.
307 4387 402 4469 itam,
424 4386 659 4475 Philosophus‘
682 4387 779 4456 dicit:
803 4389 915 4456 «Sicut
937 4406 972 4456 se
995 4388 1091 4457 habet
1116 4388 1368 4477 ununrquodque
1391 4388 1432 4456 ad
1456 4405 1541 4470 esse,
1564 4388 1611 4456 sic
1633 4407 1668 4457 se

164 4503 261 4573 babet
281 4503 322 4573 ad
345 4503 598 4590 coguitionem»;
620 4504 676 4573 sed
700 4503 955 4592 unumquodque
989 4523 1024 4573 se
1060 4504 1157 4574 babet
1178 4505 1220 4574 ad
1243 4523 1313 4574 esse
1336 4523 1507 4593 perseam
1532 4506 1667 4573 torosam

163 4619 422 4703 substantialem,
437 4638 515 4707 ergo
537 4627 570 4690 et
592 4620 634 4688 ed
657 4621 884 4708 cognitionem:
909 4639 986 4709 ergo
1009 4640 1144 4709 corpora
1166 4621 1227 4689 ista
1250 4622 1362 4689 mundi
1379 4640 1529 4711 persnas
1549 4623 1668 4692 iormas

162 4736 388 4806 substantiales
417 4744 662 4825 cognoscuntur,
685 4744 717 4806 et
739 4738 875 4825 cognitio
898 4757 1011 4808 eorum
1035 4740 1172 4828 pertinet
1198 4740 1239 4808 ad
1263 4740 1417 4808 animam:
1449 4757 1527 4827 ergo
1561 4740 1668 4808 anima

162 4852 330 4923 coniuncta
352 4855 479 4946 corpori
502 4855 663 4942 cognoscit
686 4857 805 4924 formas
827 4856 1054 4926 substantiales
1077 4873 1197 4924 rerum.

254 5121 263 5159 ¹
283 5125 304 5177 Α
322 5121 454 5194 inopinae
463 5144 475 5192 ,·
494 5138 553 5177 mox
573 5125 593 5176 lt
611 5122 701 5178 cadere
720 5139 769 5192 rim
789 5124 863 5180 rideo
873 5146 885 5192 ,·
903 5124 998 5179 deinde
1016 5127 1035 5178 Α
1056 5139 1134 5196 quem
1153 5138 1209 5181 nun
1227 5124 1302 5181 ctum
1321 5138 1370 5193 pro
1388 5138 1471 5194 qiman
1489 5137 1544 5177 uon
1563 5121 1647 5178 alden.

252 5221 356 5275 ¹'lert
374 5222 417 5274 63.
436 5232 510 5290 seqq.
530 5220 564 5289 (c.
583 5222 629 5287 6.).
648 5221 699 5276 Cb.
719 5229 746 5276 ct
763 5223 799 5277 ΙΙΙ.
819 5229 878 5277 text.
898 5226 923 5277 e.
942 5238 1016 5292 seqq.
1035 5223 1069 5287 (c.
1090 5223 1135 5290 t).

255 5319 354 5373 ’Liba
372 5320 400 5373 ll
419 5320 454 5375 de
472 5320 564 5373 Anima
583 5335 629 5374 seu
643 5321 720 5375 Scato
739 5324 912 5388 naturalium,
931 5337 954 5377 c.
974 5325 998 5376 2.
1017 5350 1054 5363 —
1073 5324 1108 5377 Dc
1127 5324 1247 5391 bigrrzele
1266 5325 1311 5377 etr.
1332 5323 1375 5376 tto.
1395 5324 1520 5377 dacrrois
1535 5323 1666 5378 «Destru-

163 5420 216 5473 ello
233 5418 477 5497 desuuctmnum»,
496 5420 521 5473 t.
540 5419 662 5487 disputat.
682 5422 770 5488 pays,
787 5430 814 5476 et
832 5436 912 5487 supra
932 5437 992 5488 pag.
1016 5421 1072 5476 tta.
1092 5429 1152 5475 uota
1171 5423 1196 5476 5.

252 5515 336 5570 ‘Cla
355 5516 482 5583 tugost..
502 5517 545 5571 ΧΙ.
564 5517 597 5571 dc
616 5518 688 5573 Trln
708 5532 731 5572 c.
756 5520 777 5572 l.
794 5535 818 5572 n.
840 5520 863 5583 l,
882 5525 909 5572 ot
926 5520 1046 5585 anama,
1065 5520 1093 5572 tt.
1112 5519 1147 5574 de
1165 5522 1270 5585 Anima,
1291 5526 1349 5575 text
1369 5521 1412 5573 to.
1432 5520 1464 5585 (c.
1485 5520 1530 5586 5.).

253 5613 353 5668 *liba
372 5612 399 5667 11.
420 5615 530 5683 ltetaptr.
550 5621 608 5671 teat
630 5616 654 5670 l.
673 5618 701 5670 tn
721 5616 772 5670 tine
792 5617 802 5683 (
812 5616 829 5671 l.
849 5615 973 5683 breuior,
993 5632 1015 5670 c.
1039 5615 1099 5685 1.),
1119 5619 1145 5671 ln
1162 5632 1216 5687 quo
1235 5622 1304 5672 extu
1323 5618 1343 5670 o
1362 5631 1541 5691 unaquaeqne
1557 5631 1603 5673 res
1615 5633 1665 5688 pro

165 5711 385 5785 unumquodque.
