3870 6488
216 303 277 372 tat
727 316 878 377 acassua
901 317 1072 368 uisnuuaua
1096 317 1208 367 nussia

211 455 241 514 et
264 453 350 514 amat
373 462 455 534 qnae
478 451 554 513 saint
575 451 669 513 extra
691 461 735 524 se,
759 443 844 531 qiuail
869 443 958 511 nulla
981 443 1076 511 macla
1099 443 1216 511 laceret
1238 443 1306 511 siue
1330 441 1416 530 ipsis.
1434 441 1521 511 Unde
1537 458 1596 529 per
1615 438 1715 509 scieu-

213 562 289 630 tiani
313 560 533 651 aaqtatbiiaai,
557 577 639 647 quae
663 565 711 627 est
733 558 886 625 accidens
910 558 1055 640 aululae,
1083 576 1246 646 nunquana
1272 558 1368 627 sciret
1391 557 1498 625 anima
1520 573 1604 646 qnae
1639 561 1716 623 sunt

210 687 304 745 extra
328 678 444 764 ipsam,
468 693 525 743 nea
549 692 658 742 annone
681 675 835 762 acquisita
858 681 1000 755 amaret3
1025 674 1085 742 uisi
1108 681 1214 742 esseut
1238 674 1288 743 isti
1311 673 1451 755 babitus,
1468 672 1588 743 scilicet
1602 671 1716 740 notitia

211 803 371 874 eleanan,
397 793 486 861 inditi
512 793 608 860 inculti
639 799 671 860 et
705 791 877 874 concreati,
912 809 1051 878 quarum
1088 791 1205 860 virtute
1236 792 1367 861 scientia
1389 791 1544 880 acquisita
1567 797 1599 858 et
1621 806 1716 857 amar

211 910 386 996 aaqiiisitus
409 909 557 978 feruntur
580 909 621 977 acl
643 907 780 990 abiectA,
805 925 887 996 qnae
910 915 985 976 sunt
1008 915 1115 976 extra:
1138 909 1214 996 uilia
1238 909 1358 978 scilicet
1376 908 1406 976 in
1431 917 1562 976 natura
1585 917 1616 976 ct
1638 905 1714 975 sub

210 1026 339 1093 statilia
362 1025 485 1094 animae
509 1032 584 1093 snut
607 1025 804 1106 habilitates,
829 1043 887 1111 pec
918 1042 999 1112 quas
1021 1025 1082 1093 bac
1105 1024 1140 1092 ιιι
1154 1025 1177 1106 ¹,
1210 1044 1292 1112 qnae
1324 1032 1399 1093 suut
1430 1023 1718 1093 consubstantiales

212 1141 262 1223 ei;
286 1148 317 1209 et
344 1141 403 1209 uisi
440 1141 483 1209 ita
518 1148 619 1222 esset,
643 1159 806 1228 nunqnam
831 1140 937 1208 anima
960 1143 1056 1210 sciret
1078 1148 1280 1209 autumaret
1307 1140 1429 1240 obiecta
1456 1149 1559 1212 extra
1594 1141 1633 1211 Et
1656 1140 1718 1208 baa

212 1263 260 1324 est
282 1257 366 1344 qilotl
392 1256 461 1324 vult
483 1257 589 1325 dicere
613 1257 816 1343 Augustinus
840 1255 926 1344 quad
950 1255 1074 1324 nullum
1099 1243 1246 1325 accidens
1279 1256 1406 1326 excedit
1436 1257 1637 1338 subiectum,
1659 1254 1719 1324 scl-

213 1373 286 1440 licet
320 1391 379 1440 sna
414 1373 542 1440 virtute.
568 1372 603 1440 Et
625 1372 710 1459 quand
747 1373 796 1440 isti
832 1371 962 1439 babitus
985 1371 1146 1440 excellunt
1169 1371 1327 1455 animam,
1351 1372 1411 1439 baa
1446 1391 1507 1439 nun
1542 1379 1605 1454 est,
1640 1372 1718 1459 qnia

117 1531 124 1543 ·
213 1489 299 1576 fiant
323 1490 359 1556 in
382 1489 449 1557 alia
472 1496 509 1557 nt
533 1491 564 1556 in
588 1489 745 1567 subiecta,
769 1488 826 1556 secl
850 1488 925 1577 qnia
948 1488 1132 1574 respiciant
1154 1487 1251 1555 aliani
1273 1497 1370 1555 satra
1393 1496 1430 1556 ιιι
1452 1489 1623 1557 abiectum.

302 1605 360 1672 Per
383 1606 461 1674 llaec
481 1607 587 1690 igitur,
610 1624 692 1692 quiae
716 1605 800 1672 dicta
816 1613 907 1687 snut,
923 1612 1056 1692 apparat
1073 1604 1202 1672 intentio
1222 1605 1320 1672 sanati
1341 1605 1521 1692 Augustini,
1546 1605 1622 1693 qnia
1648 1605 1718 1672 uult

213 1724 337 1802 (licere,
361 1723 446 1809 quad
471 1723 529 1789 nisi
554 1722 660 1789 aniana
684 1721 816 1789 liaberet
839 1720 869 1787 iu
894 1728 1009 1788 natura
1033 1739 1092 1788 sua
1125 1719 1282 1807 plantatas
1305 1720 1429 1808 aliquas
1453 1720 1539 1788 sibi¹
1563 1725 1718 1788 connatu-

213 1839 297 1905 rales
320 1843 350 1905 at
373 1837 657 1906 consubstantiales
681 1836 870 1917 habilitates,
894 1855 951 1923 pec
975 1855 1056 1924 quas
1080 1836 1219 1904 serretur
1234 1836 1275 1904 ad
1291 1836 1412 1905 abiecta
1436 1842 1581 1905 extract
1609 1844 1717 1923 posset

213 1954 244 2021 iu
271 1955 323 2021 illa
346 1961 377 2021 at
400 1955 440 2022 de
467 1954 528 2022 illis
552 1954 710 2035 indicare,
734 1971 898 2040 nunquam
923 1959 1030 2039 posset
1053 1952 1134 2020 scire
1158 1958 1215 2020 aut
1236 1970 1345 2020 ainana
1360 1970 1495 2040 eaquae
1518 1958 1593 2020 sunt
1619 1958 1716 2020 extra

213 2086 257 2137 se.
281 2070 434 2156 Quaniain
460 2078 567 2138 antem
592 2069 636 2136 illi
660 2069 789 2136 liabitas
820 2077 894 2137 siunt
918 2067 1155 2136 connaturales
1179 2067 1261 2155 ipsi³
1294 2069 1433 2150 anianae,
1457 2066 1529 2137 idea
1551 2085 1614 2135 nau
1639 2074 1717 2136 sunt

213 2186 399 2253 accidentia
412 2210 424 2265 ,·
447 2192 478 2253 et
501 2186 619 2253 virtute
642 2185 772 2252 illarum
797 2185 925 2252 babitus
947 2183 1116 2273 acquisiti,
1140 2184 1194 2270 qui
1219 2190 1294 2252 snut
1316 2183 1515 2264 accidentia,
1537 2189 1638 2270 agunt
1659 2189 1718 2250 aut
1765 2206 1771 2214 ·

212 2308 347 2387 possunt
369 2318 466 2387 snper
489 2319 541 2368 res
565 2308 668 2380 extra,
693 2300 743 2367 nel
768 2300 799 2367 in
823 2300 926 2386 ipsas3
949 2299 1098 2386 quioniam
1122 2299 1290 2381 accidens,
1314 2300 1397 2367 siant
1419 2318 1481 2367 nun
1504 2306 1552 2366 est
1576 2297 1636 2367 uisi
1653 2316 1713 2386 peu

214 2417 423 2484 substantiam
446 2424 478 2484 et
500 2435 557 2504 per
581 2417 778 2485 substratum
803 2416 862 2485 sibi
886 2414 1109 2497 substantiale,
1143 2415 1189 2484 sic
1212 2433 1269 2484 nea
1292 2416 1417 2503 operari
1443 2421 1547 2503 potest
1569 2414 1628 2482 nisi
1654 2415 1719 2482 uic·

213 2540 279 2600 tnta
303 2533 515 2614 substantiae,
539 2540 570 2600 et
592 2533 652 2599 nisi
676 2532 798 2620 aliquid
822 2531 1030 2600 substantiale
1053 2532 1278 2600 substernatur
1300 2532 1339 2599 ei.
1365 2531 1451 2600 [indu
1468 2531 1536 2600 istis
1550 2530 1718 2599 habitibus

212 2648 375 2735 acinuisitis
398 2666 524 2717 necesse
548 2648 608 2715 lnit
631 2648 792 2716 substerni
815 2647 997 2715 habilitates
1020 2647 1070 2716 uel
1095 2646 1223 2716 babitus
1246 2648 1323 2716 istas
1345 2646 1582 2727 substantiales,
1594 2646 1717 2714 uictine

212 2784 351 2851 qllblulll
375 2771 508 2852 possunt
531 2765 561 2831 in
586 2763 709 2832 obiecta
733 2770 836 2845 extra,
861 2770 893 2831 et
916 2763 1022 2831 anima
1045 2781 1103 2851 pei·
1126 2763 1206 2832 illas.
1232 2764 1312 2832 llaec
1334 2763 1422 2844 est⁴,
1445 2769 1481 2831 nt
1503 2763 1647 2844 aestima,
1671 2761 1719 2829 in-

214 2881 311 2948 tantia
335 2881 478 2949 Dactaris
501 2881 620 2967 egregii
644 2879 817 2968 Augustini.
1639 2876 1646 2888 ‘

306 2999 334 3062 l.
358 2997 401 3064 ιιι
420 2997 558 3083 auianum
574 3004 811 3084 aryameatam
827 3003 914 3083 patet
930 2995 1102 3083 responsio,
1118 2995 1193 3083 quia
1209 2996 1357 3077 conceda,
1373 2994 1459 3083 quad
1477 3013 1539 3063 nnn
1551 3000 1626 3063 sunt
1638 3012 1719 3083 qua·

215 3111 317 3181 litatus
340 3111 549 3180 accidentales
570 3112 716 3195 auimae3
739 3119 770 3180 et
798 3115 884 3199 patet
906 3112 1037 3181 intentio
1066 3112 1164 3180 sanati
1189 3111 1353 3199 Augustini
1377 3111 1409 3179 in
1433 3111 1487 3179 illa
1511 3112 1718 3180 autumnitate.

304 3231 334 3295 ⁶2.
358 3229 402 3296 Ad
427 3230 603 3297 secundnm
628 3229 832 3311 dicendum⁵,
856 3228 941 3316 quad
966 3247 1027 3296 nan
1045 3236 1120 3296 sunt
1135 3228 1319 3309 accidentia,
1333 3247 1401 3298 nec
1425 3237 1529 3297 tamen
1552 3234 1630 3296 sunt
1645 3227 1719 3315 ipsa

215 3344 393 3413 substantia
415 3345 554 3426 annana
570 3362 628 3413 nea
645 3345 705 3412 lina
728 3345 798 3413 vult
820 3343 926 3413 dicere
943 3345 1148 3432 Augustinus,
1164 3345 1219 3412 sed
1237 3345 1323 3432 quad
1340 3352 1414 3413 sunl
1430 3342 1720 3412 cunsubstantiales

214 3462 356 3542 animae,
379 3467 411 3527 et
433 3461 518 3548 quoa
543 3467 673 3528 manant
696 3460 736 3529 de
759 3459 829 3528 eius
852 3459 1029 3527 substantia
1062 3459 1246 3546 operatione
1280 3459 1374 3547 primi
1398 3458 1538 3548 opificis,
1561 3457 1616 3546 quii
1641 3459 1720 3527 sub

214 3577 361 3643 stantiam
384 3576 509 3643 animae
532 3576 672 3644 candidii
695 3581 726 3644 et
750 3594 820 3643 eain
845 3575 992 3662 potentiis
1015 3575 1137 3642 elisiis
1160 3574 1379 3643 habilitatibus
1410 3573 1627 3645 communivit.
1651 3573 1719 3642 Nea

215 3693 269 3760 illa
292 3701 340 3761 ast
362 3693 555 3778 praedicatio
579 3692 785 3771 masticatis,
809 3710 883 3759 clim
907 3690 993 3770 dicit,
1017 3693 1101 3779 quoa
1140 3691 1200 3759 ista
1235 3697 1309 3759 sunt
1341 3691 1518 3760 substantia
1547 3689 1718 3772 animae⁶‚

215 3809 270 3876 sed
295 3817 343 3877 est
366 3808 559 3895 praedicatio
582 3805 948 3876 consubstantialitatis.
974 3807 1060 3875 Unile
1092 3826 1153 3875 nnn
1186 3813 1261 3875 sunt
1292 3807 1469 3876 substantia
1491 3806 1631 3887 animae,
1653 3805 1717 3874 sed

215 3925 335 4012 aliquid
360 3924 555 3992 substantiae
578 3925 648 3992 eins
671 3922 722 3992 uel
745 3931 878 3992 naturae
902 3923 1013 3991 illius²
1037 3922 1315 3992 consubstantiale.

307 4042 335 4107 l.
360 4041 403 4108 Aa
429 4040 582 4108 rationein
618 4039 754 4128 primani
790 4039 822 4107 in
853 4039 1040 4127 appositam
1074 4038 1256 4121 (licendum,
1279 4038 1365 4126 quad
1393 4046 1468 4107 sunt
1501 4037 1647 4118 babitus
1683 4044 1719 4106 et

217 4162 320 4223 tanuen
345 4174 408 4223 uun
431 4163 506 4238 siant
529 4155 719 4238 accidentia,
748 4155 823 4241 quia
850 4173 914 4223 nan
949 4161 1024 4223 snut
1060 4153 1187 4222 babitus
1209 4153 1355 4242 acquisiti
1378 4154 1427 4222 vel
1453 4152 1546 4223 inlusi
1570 4152 1611 4220 de
1635 4152 1721 4221 alffi-

217 4461 537 4473 ...ι-Ἣ

306 4613 314 4650 ¹
336 4612 446 4683 [isacii.

304 4710 316 4747 ι
334 4712 355 4764 Β
372 4714 465 4766 amittit
484 4698 553 4777 sibi,'
569 4717 596 4764 ct
614 4723 675 4763 anax
694 4708 772 4763 babet
789 4707 879 4778 [ertia
898 4722 947 4776 nco
964 4705 1092 4779 fatuatur.

304 4808 316 4844 ³
336 4808 391 4878 ipsi
408 4811 534 4863 amittitur
552 4807 586 4863 ab
605 4811 634 4861 A.

305 4907 316 4942 ⁴
336 4909 355 4960 Β
374 4908 408 4962 Ei
427 4905 477 4963 bac
495 4908 542 4962 eat.

305 5006 317 5041 ⁵
336 5008 384 5059 i‘uu
403 5004 544 5059 dicendum
563 5006 583 5057 ll
600 5002 729 5071 conceda,
751 5007 796 5074 qual
816 5004 876 5058 (lein
895 5012 955 5073 nost
971 5019 1026 5060 aaa
1045 4989 1138 5059 amittit
1158 5008 1229 5061 suat.

303 5104 316 5140 ι
334 5107 354 5156 A
373 5102 491 5157 ssibieala
510 5104 567 5157 lacu
586 5102 736 5158 substantia
754 5102 870 5158 animae.

305 5201 316 5238 ⁷
336 5202 355 5254 Β
374 5199 428 5269 illi,
449 5207 474 5253 al
494 5202 559 5254 intua
579 5203 672 5254 aullttlt
689 5203 716 5254 et
733 5207 791 5254 :inte
811 5204 908 5256 taimen.
