3870 6488
288 354 349 427 las
784 376 934 437 orarsrro
957 376 1129 429 orsrunnra
1152 374 1278 437 ornnra

369 500 501 580 Panno,
517 498 593 588 quia
608 501 737 568 omnino
760 501 887 570 ridetur
911 501 1069 570 contraria
1093 500 1292 589 Philosoplro,
1308 501 1362 589 qui
1379 499 1456 571 dicit
1472 500 1565 571 tertio
1580 502 1623 573 da
1636 503 1748 572 Anima
1761 501 1782 585 ¹,

281 617 366 704 guod
385 616 563 685 intellectus
586 624 693 685 noster
716 625 845 686 creatur
868 625 904 686 ut
928 618 1052 699 nbula,
1076 618 1106 685 in
1130 637 1195 705 qua
1217 617 1296 685 nihil
1312 625 1361 686 est
1383 617 1556 706 depictum.

372 732 535 811 Saecundo,
560 732 720 820 quianon
744 733 871 801 videtur
895 751 1032 802 consona
1053 733 1147 802 dictis
1169 732 1345 819 Augustini.
1369 733 1435 801 Non
1461 735 1547 803 enim
1570 734 1663 816 dicit,
1693 736 1782 823 quod

282 847 397 915 lrabeat
420 848 495 916 talia
520 849 551 917 in
574 866 619 930 se,
642 849 699 917 sed
723 849 808 931 dicit,
832 850 920 936 quod
944 849 1032 918 ridet
1055 849 1132 919 haec
1155 849 1366 918 immutabilia
1388 867 1465 920 vora
1488 851 1521 918 iu
1543 850 1666 921 lumine
1689 852 1784 920 ratio

280 982 357 1031 num
381 970 585 1033 aeternarum
608 964 668 1033 sibi
693 973 881 1053 praesente;
903 972 936 1033 at
959 965 1031 1035 ideo
1053 965 1247 1052 respondent
1264 965 1354 1053 pueri
1370 984 1462 1047 vora,
1482 983 1557 1035 cum
1573 967 1735 1055 sapienter
1749 973 1784 1035 et

281 1079 426 1148 ordinate
450 1079 696 1167 interrogantur.
722 1080 757 1148 ut
779 1081 928 1170 quamvis
958 1080 1113 1168 principia
1144 1080 1261 1149 artium
1298 1079 1561 1149 intellectualium
1596 1080 1713 1149 habeat
1748 1080 1783 1147 iu

281 1196 420 1282 quadam
445 1196 563 1265 virtute
586 1204 716 1284 proptor
740 1196 886 1265 naturale
909 1196 1018 1265 lumen
1040 1203 1073 1265 et
1096 1196 1339 1275 iudicatorium,
1362 1214 1421 1284 per
1443 1194 1531 1283 quod
1553 1194 1683 1277 satim,
1704 1212 1782 1265 cmn

280 1310 429 1379 obiicitur
455 1311 503 1380 rel
527 1312 661 1380 oliortur
678 1312 737 1381 sini
761 1312 892 1401 aliquod
916 1329 1029 1381 rerum
1051 1312 1201 1393 evidens,
1225 1312 1332 1379 statim
1354 1310 1511 1400 approhat
1532 1318 1566 1381 at
1588 1311 1707 1380 iudicat
1730 1328 1784 1380 no·
1866 1396 1875 1411 ι

281 1428 801 1509 rurnesse31amennonlrabet
832 1428 998 1497 materiam
1026 1427 1093 1497 sire
1116 1427 1269 1496 terminos
1282 1426 1304 1493 ’.
1330 1428 1417 1497 llude
1445 1444 1508 1496 non
1542 1434 1647 1515 potest
1675 1426 1783 1509 scire,

282 1542 368 1629 qnod
392 1561 486 1611 omne
509 1549 611 1611 tolum
634 1551 683 1612 ast
706 1544 810 1612 maius
833 1562 893 1613 sua
915 1552 1016 1631 parta,
1033 1543 1092 1611 nisi
1117 1543 1233 1612 habeat
1248 1543 1384 1630 speciem
1401 1542 1542 1611 totiuset
1556 1543 1667 1631 partis,
1680 1562 1784 1631 quarn

281 1676 344 1725 non
367 1658 473 1740 habet,
496 1659 556 1727 nisi
580 1660 713 1747 accipiat
735 1678 793 1747 por
817 1678 948 1741 sensus,
972 1666 1009 1727 ut
1030 1660 1107 1728 dicit
1130 1659 1339 1747 Philosophus
1366 1660 1507 1729 secundo
1530 1659 1746 1728 Posteriorum
1760 1660 1784 1727 ¹.

282 1774 318 1840 Et
341 1774 413 1842 ideo
431 1774 517 1856 dicit,
540 1776 626 1863 quod
650 1776 805 1863 principia
828 1777 1058 1863 cognoscimus.
1084 1776 1296 1862 inquantum
1321 1774 1481 1844 terminos.

378 1890 593 1973 lectionem,
616 1892 767 1979 quoniam
791 1910 848 1979 per
871 1891 968 1961 istum
994 1892 1125 1961 modum
1149 1909 1212 1958 non
1236 1897 1369 1978 possunt
1391 1890 1529 1959 eradere
1556 1891 1784 1980 receptionem.

281 2002 337 2070 llla
358 2005 444 2072 enim
467 2005 623 2094 principia
645 2013 721 2075 sunl
743 2006 947 2086 universalia,
971 2013 1007 2074 ut
1035 2006 1161 2093 ipsimet
1184 2005 1295 2074 dicunt
1303 2030 1313 2086 ;
1337 2004 1597 2093 ideonunquam
1623 2004 1785 2077 ducerent

282 2120 312 2186 in
336 2120 466 2208 aliquod
490 2122 736 2191 determinatum
760 2122 979 2211 cognoscibile,
1004 2122 1064 2192 nisi
1087 2122 1377 2191 determinarentur
1399 2140 1458 2209 per
1479 2121 1602 2211 aliquid
1615 2122 1788 2206 abextra;

280 2243 311 2301 et
333 2235 424 2317 illud,
448 2237 605 2324 quidquid
630 2237 684 2320 sit,
708 2246 833 2326 oportet
854 2238 887 2306 in
910 2237 1073 2306 animam⁴
1096 2237 1204 2326 recipi.
1233 2238 1269 2305 Et
1292 2238 1351 2307 hoo
1381 2245 1531 2325 apparot,
1554 2238 1706 2326 quonum
1741 2239 1788 2307 ab

281 2349 336 2415 illo
359 2358 484 2438 oportet
507 2354 646 2421 animam
670 2354 844 2436 immutari,
868 2361 899 2422 et
922 2372 1050 2422 necesse
1073 2361 1122 2422 est
1135 2353 1275 2421 animam
1288 2354 1428 2442 quodam
1443 2352 1539 2423 modo
1554 2353 1600 2422 illi
1615 2353 1786 2443 applicari.

282 2466 317 2533 Et
338 2465 496 2547 ulter-ius,
519 2469 678 2556 quomodo
701 2476 805 2556 potest
826 2469 932 2537 anima
956 2469 1011 2537 illa
1034 2468 1138 2557 specie
1170 2468 1321 2551 excitari,
1351 2469 1411 2538 nisi
1448 2468 1503 2537 illa
1532 2470 1638 2559 specie
1667 2469 1789 2539 immu-

281 2588 390 2650 toturl
411 2583 602 2670 Quomod0⁶
625 2591 730 2671 potest
752 2585 934 2666 immutari,
958 2585 1017 2651 uisi
1042 2585 1092 2653 vel
1116 2585 1172 2653 illa
1194 2586 1316 2674 species
1346 2586 1480 2673 attingat
1503 2585 1604 2674 ipsam
1638 2586 1784 2655 animam

280 2698 330 2767 vol
353 2708 427 2786 agat
450 2700 481 2767 in
506 2700 606 2787 ipsam
628 2708 661 2768 et
683 2707 820 2782 moreat,
843 2708 900 2769 aut
922 2700 1030 2789 aliqua
1052 2700 1115 2769 alia
1138 2701 1260 2788 species
1282 2700 1324 2769 ab
1340 2699 1395 2768 illa
1409 2707 1485 2769 nata
1500 2700 1551 2769 sel
1566 2699 1699 2788 genita?
1717 2701 1784 2771 lloc

281 2823 388 2885 aarum
412 2816 591 2885 necessario
614 2817 703 2904 ponit
725 2817 947 2905 receptionem.

368 2931 508 3000 Aliorum
532 2932 646 3018 positio
668 2939 718 3000 est
740 2932 816 3000 lruic
839 2932 977 3019 opinioni
1001 2932 1172 3001 conformis
1196 2932 1227 3000 in
1250 2932 1424 3020 hecquae
1440 2932 1607 3019 nonponit
1629 2932 1788 3019 receptio

279 3065 353 3115 nom
376 3047 417 3115 ab
440 3055 544 3129 extra,
567 3048 623 3116 sed
648 3048 752 3117 solum
775 3049 1001 3117 excitationem
1025 3049 1092 3117 sire
1115 3049 1311 3117 occasionem
1335 3048 1576 3117 lorrnaudarum
1600 3048 1633 3117 in
1654 3064 1691 3117 sc
1713 3052 1789 3136 spe

280 3163 420 3245 cierum;
443 3164 499 3231 sed
523 3163 554 3231 in
579 3164 675 3233 modo
697 3165 834 3252 ponendi
859 3183 922 3233 non
954 3183 1069 3252 parum
1102 3165 1293 3234 discordant
1324 3165 1441 3234 Dicunt
1473 3165 1558 3233 eninr
1587 3165 1656 3246 isli,
1691 3166 1785 3253 qnod

280 3280 386 3346 anima
408 3279 514 3347 nullas
537 3280 634 3348 habet
657 3280 735 3349 talos
759 3281 880 3368 species
904 3280 1020 3350 inditas
1043 3281 1093 3349 vol
1117 3288 1299 3349 concreatos
1322 3287 1472 3368 anquam
1495 3278 1665 3349 seminales
1687 3281 1789 3349 ratio

279 3413 336 3463 nes
360 3395 410 3463 vol
433 3396 573 3477 radices,
596 3396 653 3465 sed
677 3396 806 3477 dicunt,
828 3397 914 3484 quod
937 3398 1044 3465 anima
1066 3404 1115 3465 est
1137 3397 1280 3465 omnium
1303 3395 1480 3465 similitudo
1501 3404 1535 3465 et
1556 3402 1713 3484 quantum
1738 3397 1786 3467 ad

279 3528 420 3593 sonsum,
443 3517 474 3580 et
497 3520 652 3600 quantum
676 3514 715 3581 ad
741 3513 945 3581 intellectum.
971 3513 1058 3593 Nam,
1081 3519 1118 3580 nl
1141 3512 1217 3580 dicit
1241 3512 1451 3598 Philosophus
1467 3512 1502 3595 ⁶,
1525 3511 1708 3582 intellectus
1730 3520 1788 3581 est

279 3628 386 3696 omnia
410 3628 628 3715 intelligibilia,
652 3636 684 3697 ct
706 3647 819 3698 sensus
841 3630 949 3699 omnia
972 3628 1154 3711 sensibilia,
1189 3636 1222 3697 et
1246 3627 1425 3696 intellectus
1446 3634 1495 3697 cst
1517 3628 1639 3716 species
1661 3628 1788 3716 specic-

279 3762 371 3819 rum,
394 3745 477 3813 sicut
501 3763 615 3812 manus
638 3763 794 3831 organum
818 3764 1022 3833 organorum.
1047 3745 1144 3813 llaliet
1167 3744 1266 3832 igitur
1286 3750 1318 3813 et
1333 3762 1398 3832 quo
1412 3743 1626 3826 assimilatur,
1639 3751 1674 3812 el
1692 3746 1788 3831 quod

278 3862 449 3944 assimilat,
472 3869 504 3930 el
526 3861 718 3949 principium
742 3861 939 3931 assimilandi
961 3862 1101 3930 activum
1125 3867 1158 3930 et
1179 3860 1353 3951 passivum.
1381 3861 1418 3929 Et
1441 3858 1633 3947 principium
1655 3860 1785 3929 assimi-

279 3977 412 4047 lativum
435 3985 484 4046 est
507 3978 686 4046 intellectus
708 3995 815 4064 agens,
838 3979 894 4065 qui
916 3984 966 4046 est
981 3977 1070 4066 quasi
1089 3977 1170 4059 lux3
1193 3976 1396 4065 principium,
1412 3981 1538 4064 quossi
1551 3974 1784 4061 assimilabilis,

277 4102 326 4162 est
349 4095 528 4163 intellectus
551 4094 720 4182 possibilis.
742 4093 853 4161 lnima
874 4100 983 4162 autem
1007 4094 1052 4163 sic
1075 4093 1290 4163 assimilabilis
1313 4092 1424 4162 unitur
1452 4090 1577 4178 corpori
1608 4095 1646 4158 ut
1675 4092 1785 4178 parle-
1905 4152 1909 4157 .

278 4211 349 4278 ctio.
374 4210 486 4278 linitur
509 4217 617 4279 autom
640 4210 817 4278 sccrrndum
842 4211 995 4278 rationem
1020 4209 1223 4279 diversarum
1247 4208 1386 4277 virium*
1410 4214 1442 4277 el
1469 4204 1645 4276 secuudum
1675 4206 1786 4295 dispo

278 4326 408 4394 sitiones
429 4326 582 4394 ‹lisersas
607 4326 740 4413 Quando
763 4326 859 4414 igitur
883 4324 1048 4414 utaequa
1071 4325 1249 4395 immulatio
1273 4323 1304 4392 in
1328 4341 1448 4411 organo
1468 4342 1608 4402 senus,
1630 4329 1712 4409 puta
1749 4324 1784 4393 iu

369 4587 377 4622 ¹
399 4588 471 4640 Text.
492 4586 533 4640 ll.
554 4585 588 4653 (c.
608 4585 644 4654 l).

364 4684 446 4739 len.
464 4686 490 4738 S.
510 4685 618 4751 Bonan,
637 4684 654 4737 l.
673 4685 743 4738 sont.
763 4683 788 4736 d.
813 4683 850 4737 tr.
870 4698 896 4749 p.
916 4683 932 4736 Ι.
953 4697 979 4750 q.
1000 4681 1033 4747 l;
1051 4687 1077 4735 et
1095 4683 1121 4735 ll.
1140 4682 1210 4735 Senl.
1231 4680 1256 4734 d.
1276 4681 1319 4734 39.
1338 4694 1362 4734 a.
1383 4681 1407 4734 l.
1427 4694 1453 4748 q.
1473 4680 1498 4734 2.

365 4782 458 4850 ³Cap.
480 4783 520 4836 ts.
540 4784 573 4850 (c.
594 4781 656 4850 ld).
674 4780 725 4836 err.
745 4795 825 4848 supra
843 4795 904 4848 pag.
924 4782 958 4833 80
977 4788 1037 4835 noto
1057 4781 1081 4833 3.
1102 4779 1125 4833 d.
1144 4807 1181 4820 -
1199 4780 1271 4833 nllus
1290 4779 1363 4831 locus
1384 4778 1453 4830 estl.
1467 4778 1562 4831 Pastor.
1582 4792 1605 4831 c.
1624 4778 1655 4844 3,
1674 4779 1701 4831 lu
1721 4794 1780 4848 guo

278 4885 346 4935 textu
370 4880 419 4935 Cl)
437 4886 559 4948 repetunt
576 4878 763 4949 cognoscimus
781 4885 841 4946 post
859 4877 994 4933 terminos.
1671 4898 1676 4905 ·

366 4978 377 5015 ⁴
396 4980 446 5032 lu
463 4977 492 5034 in
510 4977 611 5035 nmmo.

365 5077 377 5112 ⁵
395 5076 415 5130 C
433 5076 506 5130 addlt
522 5078 621 5131 unum.

364 5174 464 5228 ⁶ler.
483 5174 521 5228 lll.
541 5173 697 5241 dedalum,
717 5180 776 5229 lert.
796 5174 838 5227 37.
857 5188 931 5242 sagq.
951 5172 985 5240 (c.
1005 5173 1050 5241 8.).

365 5273 376 5308 ⁷
396 5274 415 5326 B
433 5274 613 5340 inritaturum,
634 5272 654 5326 C
672 5271 811 5327 rirlulmn.
