3870 6488
303 362 368 429 lito
795 377 946 437 occursuro
970 378 1142 427 ursrurara
1166 378 1310 428 sEctlll'nA

297 507 478 593 portionem
502 522 609 585 suam,
631 518 729 592 quarn
753 502 850 571 babet
872 504 913 572 ad
936 520 1093 591 organum
1125 509 1157 571 et
1179 503 1220 572 ad
1251 503 1425 592 potentiam
1450 504 1482 572 in
1508 519 1630 592 organo
1651 501 1719 572 sire
1742 520 1808 571 me

298 622 406 690 diante
428 639 563 708 organo,
586 628 635 689 est
659 620 702 688 ibi
718 620 801 689 sicut
824 639 956 688 mouens
979 628 1011 689 el
1026 620 1109 689 sicut
1131 618 1358 708 opprclurcso,
1381 621 1426 690 ita
1445 621 1531 710 quod
1555 639 1670 692 sensus
1685 621 1807 691 iudicat

299 740 339 807 de
366 739 430 820 illa,
454 746 490 807 ut
514 736 673 807 sensibilis
694 744 757 818 est3
780 737 901 826 species
923 744 1033 806 autem
1055 737 1177 807 formae
1192 736 1426 805 mbaunofoltr
1447 744 1497 805 est
1516 736 1562 807 ibi
1585 744 1623 806 ut
1644 737 1809 805 cormeati-

298 865 376 923 tous
397 862 429 924 et
451 855 631 923 cousulens
654 859 685 922 et
708 861 745 921 ut
769 853 956 935 transiens,
972 872 1035 922 nun
1060 860 1097 922 ut
1118 854 1366 923 noluemus
1389 871 1448 923 uec
1469 853 1513 922 ibi
1535 852 1571 925 br
1587 854 1748 923 iudicium
1765 853 1808 923 de

296 971 375 1060 ipsa.
399 972 459 1042 Sed
483 972 635 1061 quoniam
655 987 769 1039 sensus
792 970 960 1039 ordinatur
983 970 1024 1039 ad
1048 970 1259 1053 intellectum,
1282 978 1316 1041 ct
1330 971 1468 1059 cognitio
1489 969 1642 1041 sensitiva
1657 970 1699 1040 ad
1716 969 1808 1038 intel·

297 1088 445 1157 lecticam
468 1095 500 1159 el
515 1088 656 1157 deseror
671 1087 718 1155 ei:
742 1087 815 1157 ideo
830 1088 951 1175 species
974 1087 1159 1157 huiusmodi
1176 1106 1239 1157 non
1261 1087 1379 1157 sistuut
1395 1089 1426 1157 in
1449 1106 1565 1172 sensu,
1585 1089 1643 1163 sod
1666 1089 1810 1159 ulterius

205 1288 211 1299 ο
298 1212 466 1275 transeunt
486 1204 528 1273 ad
552 1203 747 1272 intellectum
771 1209 803 1272 ct
818 1210 1063 1291 praesentantur
1085 1220 1143 1290 por
1159 1205 1315 1291 potentias
1338 1204 1506 1275 sensitivas
1526 1206 1586 1294 ipsi
1610 1203 1808 1288 intellectui,

298 1322 447 1391 uiolelicet
469 1321 591 1409 species
614 1320 735 1388 formae
765 1319 984 1389 substantialis
1005 1327 1038 1388 et
1067 1320 1190 1408 species
1212 1320 1333 1390 iormae
1360 1321 1574 1399 accidentalis.
1603 1322 1807 1404 Intellectus,

299 1458 373 1508 cnm
397 1439 438 1506 sit
460 1437 601 1525 putentia
623 1437 727 1506 activa
748 1443 781 1505 et
796 1437 912 1505 lrabeat
935 1435 1095 1524 duplicem
1119 1438 1185 1505 vim
1200 1475 1245 1487 -
1260 1454 1358 1505 unam
1382 1454 1465 1527 quae
1481 1437 1600 1507 dicitur
1622 1438 1807 1507 intellectus

301 1576 423 1643 opens,
444 1562 477 1623 et
499 1553 594 1621 aliam
618 1570 701 1642 quiae
723 1553 840 1622 dicitur
859 1552 1047 1641 possibilis,
1063 1571 1128 1642 qua
1144 1555 1256 1642 recipit
1271 1555 1395 1644 specics
1410 1590 1452 1604 -
1470 1554 1559 1643 agit¹
1577 1573 1676 1645 super
1692 1555 1808 1625 huius

297 1671 382 1740 modi
415 1670 537 1758 species
567 1676 598 1737 et
621 1669 737 1737 lorrnat
759 1686 813 1738 cas
835 1677 868 1737 et
890 1677 963 1738 aciu
987 1669 1201 1756 intelligibiles
1223 1669 1315 1753 lacit,
1338 1688 1412 1741 cum
1436 1670 1500 1739 sint
1523 1669 1582 1740 sibi
1605 1678 1805 1760 praesentes

296 1788 384 1855 Sicut
407 1785 464 1854 lux
488 1785 603 1853 lormat
626 1784 765 1865 colores,
789 1791 825 1853 ut
848 1784 965 1853 dicitur
981 1785 1074 1854 terlio
1089 1786 1130 1854 de
1153 1785 1306 1869 Anima',
1330 1787 1376 1855 sic
1398 1787 1506 1857 auima
1520 1803 1580 1875 per
1602 1787 1803 1858 intellectum

295 1909 457 1990 agentem,
480 1902 535 1990 qui
559 1909 607 1970 est
636 1901 795 1990 quaedam
819 1901 877 1970 lus
909 1901 1084 1990 spiritualis
1114 1901 1145 1969 in
1171 1902 1239 1993 ipsa
1261 1908 1293 1970 et
1315 1903 1435 1986 activa,
1467 1902 1583 1973 lormat
1612 1904 1803 1973 huiusmodi

296 2020 417 2107 species
440 2026 472 2086 et
493 2018 566 2087 lacit
590 2024 664 2086 actu
687 2017 915 2104 intelligibiles,
937 2036 1011 2087 cum
1035 2025 1191 2107 utraeque
1214 2017 1328 2087 sinlei
1352 2028 1553 2108 praesentes,
1576 2019 1621 2088 ita
1642 2017 1729 2109 pond
1758 2037 1803 2088 ex

296 2134 527 2202 illuminatione
550 2132 730 2202 intellectus
759 2133 881 2220 agentis
910 2141 943 2203 ei
965 2133 1145 2222 receptione
1171 2133 1332 2221 possibilis
1362 2134 1496 2205 resultat
1525 2151 1638 2204 earum
1661 2134 1804 2221 cognitio

297 2250 454 2337 perlecta,
477 2249 521 2316 ita
541 2249 627 2337 quod
644 2248 824 2317 intellectus
848 2249 966 2319 iudicat
981 2265 1040 2338 per
1063 2248 1134 2318 illas
1156 2248 1213 2318 et·
1235 2248 1277 2317 de
1297 2249 1407 2319 dormis
1430 2250 1708 2334 substantialibus,
1723 2268 1805 2340 qua·

296 2383 370 2433 rum
395 2371 491 2447 sunt,
514 2372 546 2433 et
568 2364 714 2433 similiter
737 2363 777 2433 de
800 2363 912 2434 toanis
927 2364 1193 2447 accidentalibus;
1215 2366 1366 2454 quoniam
1389 2365 1431 2435 ad
1447 2366 1656 2454 cognitionem
1679 2365 1802 2436 sullicit

296 2480 342 2549 roi
367 2479 572 2566 intelligibilis
595 2479 774 2567 praesentia
796 2486 829 2549 et
850 2479 1036 2548 assimilatio
1058 2475 1100 2549 ad
1124 2464 1331 2550 intellectum.

383 2595 540 2682 Quoniam
570 2602 676 2664 umen
700 2595 761 2664 ista
788 2596 1000 2685 praesentatio
1022 2596 1138 2684 speciei
1163 2596 1283 2665 lormae
1298 2596 1516 2666 substantialis
1535 2596 1576 2667 ad
1601 2596 1800 2668 intellectum

296 2729 357 2779 non
381 2710 458 2793 ρι’,
482 2711 543 2779 nisi
567 2729 625 2799 per
647 2713 708 2780 boc
729 2712 816 2801 quod
833 2729 947 2780 sensus
969 2719 1151 2800 praesentat
1173 2712 1201 2781 ei
1218 2729 1276 2801 per
1298 2729 1333 2782 se
1356 2713 1494 2799 speciem
1511 2713 1633 2782 iormae
1656 2713 1803 2783 acciden-

295 2828 385 2910 talis,
408 2837 440 2896 el
463 2846 522 2915 per
543 2846 740 2916 consequens
763 2846 837 2897 cum
861 2828 916 2896 illa
938 2835 1161 2916 praesentatur
1184 2830 1306 2917 species
1329 2829 1450 2898 lormae
1471 2829 1707 2913 substantialis,
1729 2831 1801 2900 sino

293 2964 356 3032 qna
380 2963 443 3013 non
466 2951 514 3012 cst
539 2943 608 3028 illa;
630 2951 662 3013 el
684 2946 729 3014 sic
752 2963 865 3014 sensus
888 2962 946 3033 per
968 2945 1154 3015 huiusmodi
1177 2946 1462 3034 praesentationem
1479 2946 1660 3035 specierum
1682 2946 1804 3015 lorma·

295 3078 368 3128 rurn
392 3059 636 3129 accidentalium
667 3062 786 3129 excitat
821 3060 1033 3142 intellectum,
1056 3062 1112 3149 qui
1135 3061 1294 3132 excitatus
1317 3063 1473 3131 convertit
1495 3078 1531 3130 se
1552 3078 1651 3151 super
1675 3069 1805 3146 totum,

294 3177 354 3246 lroc
377 3184 425 3246 est
448 3194 547 3265 super
578 3184 748 3266 utramque
779 3178 935 3266 speciem,
967 3177 1087 3246 lumine
1110 3194 1170 3245 suo
1193 3184 1224 3246 et
1255 3179 1374 3247 uirtute
1396 3177 1455 3246 sibi
1488 3177 1588 3247 indita
1610 3175 1736 3266 mendo
1766 3186 1802 3247 ct

294 3292 462 3364 formando
484 3311 572 3361 eam:
596 3294 668 3362 ideo
690 3312 804 3362 sensus
827 3312 884 3382 per
907 3292 1089 3362 actionem·
1112 3293 1274 3381 quandam
1302 3301 1335 3362 et
1365 3310 1424 3382 per
1457 3294 1605 3363 accidens
1625 3300 1675 3363 est
1697 3310 1801 3363 causa

293 3409 480 3498 cognitionis
503 3411 680 3478 formarum
711 3410 968 3480 substantialium
992 3409 1033 3479 ab
1056 3409 1228 3479 intellectu.
1260 3410 1296 3479 Et
1318 3410 1469 3499 quoniam
1501 3409 1562 3478 isia
1583 3409 1735 3479 excitatio
1764 3418 1802 3479 et

296 3527 379 3595 actio
402 3525 438 3595 sn
471 3526 686 3596 mediantibus
709 3525 876 3614 speciebus
898 3525 1129 3607 accidendum,
1152 3543 1251 3613 super
1273 3542 1354 3614 quas
1384 3523 1481 3595 habet
1503 3542 1617 3595 seuam
1635 3545 1733 3613 posse
1762 3535 1801 3595 et

294 3661 374 3732 qrras
398 3650 595 3730 praesentat:
620 3643 692 3712 ideo
714 3642 790 3711 dicit
813 3642 1023 3730 Philosophus
1036 3643 1063 3719 ⁰,
1086 3641 1172 3730 quod
1188 3641 1363 3711 accidentia
1385 3642 1560 3710 maximam
1575 3649 1700 3730 partem
1723 3659 1800 3710 oon·

291 3758 399 3828 icrunt
413 3758 454 3827 ad
470 3759 724 3845 cognoscendum
747 3760 836 3848 qood
850 3759 933 3849 perid
956 3767 1011 3826 est.
1029 3758 1251 3828 praesentatur
1273 3757 1359 3827 enim
1374 3759 1496 3846 species
1510 3758 1632 3827 lormae
1647 3756 1798 3826 snbstan-

292 3875 376 3945 tialis
398 3893 473 3945 cum
496 3875 577 3957 illis,
601 3881 633 3942 et
655 3874 737 3943 lacta
759 3890 911 3963 praesens
934 3874 1122 3958 intel¹ectui,
1146 3882 1273 3944 nonest
1295 3874 1464 3957 mirumsi
1481 3872 1660 3944 intellectus
1675 3873 1801 3943 uirtute

292 3992 452 4079 cognoscit
475 4010 546 4060 eam
569 3997 601 4061 el
623 3991 835 4079 apprehendit
858 4000 894 4060 ut
917 3991 977 4060 sibi
1000 3991 1249 4060 convenientem.
1273 3991 1309 4060 lit
1331 3990 1376 4060 sic
1399 3988 1573 4071 aestimoi,
1594 3988 1681 4077 quod
1706 3989 1802 4059 intel·

292 4107 394 4179 lectus
424 4107 583 4195 cognoscit
606 4106 800 4195 quidditates
829 4125 940 4176 rerum
971 4106 1202 4195 corporalium,
1218 4105 1379 4176 mediante·
1399 4123 1496 4176 sensu
1518 4112 1550 4175 el
1579 4104 1800 4177 mediantibus

292 4223 404 4295 iormis
426 4223 692 4305 accidentalibus,
715 4241 854 4311 quarum
878 4223 1058 4292 considerat
1079 4223 1288 4312 ouidditates,
1311 4239 1384 4291 cum
1410 4221 1471 4291 sibi
1493 4238 1624 4291 asensu
1647 4238 1801 4309 praesen·

291 4347 416 4423 tantur;
438 4347 470 4409 et
484 4357 543 4427 per
558 4340 618 4409 boa
632 4338 792 4408 excitatur
807 4338 848 4406 ad
864 4338 1075 4427 cognitionem
1090 4337 1366 4420 substantialium,
1381 4336 1532 4428 quoniam
1548 4356 1607 4407 sua
1628 4338 1801 4408 conversio

385 4599 394 4636 ¹
414 4601 434 4653 ll
452 4601 520 4654 maie
538 4602 564 4655 et
581 4598 651 4670 upil,
672 4612 733 4652 mox
752 4600 777 4652 in
797 4600 817 4653 b
837 4580 1001 4654 dosidcratur
1017 4596 1091 4668 (udi

382 4698 393 4735 ²
413 4699 486 4753 'lost
507 4700 549 4752 its.
569 4698 602 4763 (c.
622 4698 668 4765 5.).
686 4725 723 4738 -
742 4698 762 4751 ll
780 4710 874 4753 eorum
895 4712 1035 4766 perperam
1055 4699 1112 4751 loco
1129 4709 1235 4752 currrm

383 4794 541 4853 ³liuticos.
1290 4868 1293 4873 1

382 4896 393 4934 ⁴
411 4897 473 4955 Non
490 4896 523 4971 tlt
540 4897 612 4951 deest
632 4898 657 4950 in
676 4896 707 4963 Α,
726 4895 845 4950 simllltor
862 4896 927 4950 inira
945 4893 1044 4966 specum
1062 4902 1123 4963 post
1131 4896 1346 4965 procreatum,-
1358 4907 1419 4948 rnox
1437 4894 1458 4948 s
1475 4894 1517 4949 bis
1535 4907 1622 4965 supro
1639 4908 1692 4962 pro
1704 4910 1801 4968 sum.

379 4994 433 5065 ’ΒΙ
447 4995 630 5063 occusrbrrerrt,
651 4996 729 5049 ctiam
748 4995 832 5048 inira:
850 4992 976 5051 oscitatio
994 4994 1020 5048 ei
1046 4992 1166 5059 occasio,
1196 4992 1269 5062 quod
1295 4992 1404 5048 firmasse
1431 4991 1634 5061 praeterendum
1660 5000 1747 5061 muel,
1778 5000 1801 5051 sl

291 5092 394 5148 deesset
412 5094 560 5166 quondum.

379 5192 532 5257 ⁸bristou,
552 5194 569 5245 l.
589 5194 622 5246 dc
640 5195 748 5258 Arrlnru,
769 5198 828 5245 text.
850 5192 890 5243 ll.
911 5192 943 5253 (τ.
969 5191 1009 5258 l).

380 5289 392 5328 ⁷
410 5292 431 5345 Α
449 5292 489 5343 rol
507 5287 564 5343 ideo
583 5304 632 5355 pro
649 5288 769 5343 oeslirrro.
