3870 6488
291 330 356 399 206
865 350 1016 410 dunnsmo
1039 352 1210 402 nrsnunnrn

290 474 364 560 quia
388 474 535 544 videlicet
560 475 590 543 in
615 475 735 545 lumine
759 475 903 543 derivato
936 477 1116 558 alumine,
1152 476 1237 566 quod
1262 481 1310 545 est
1344 495 1442 565 supra
1465 486 1614 548 mentem.
1650 478 1697 549 Ex
1729 478 1791 548 boc

290 608 391 678 arguo
414 590 476 660 sic:
501 591 650 679 quamuis
669 590 800 660 allectus
826 591 940 661 inierat
970 609 1099 661 eausam
1136 610 1246 672 suam,
1271 611 1332 660 non
1368 600 1472 662 tamm
1506 594 1639 663 ellectus
1674 596 1791 683 probat

290 723 421 774 causam
443 724 514 776 esse
538 706 709 793 ignoranti,
732 706 818 795 quod
843 706 921 775 tulin
944 708 1075 777 ellectus
1091 708 1131 775 sit
1146 726 1166 775 a
1182 707 1245 775 toli
1258 726 1370 790 causa3
1385 708 1474 777 uerbi
1492 710 1611 796 gratia,
1627 711 1790 799 sequitur:

288 822 416 910 eclipsis
438 821 514 891 solis
537 829 598 893 est:
622 840 700 908 ergo
723 823 799 891 luna
823 823 1035 910 interponitur
1059 823 1211 891 internos
1233 831 1265 892 et
1288 823 1405 905 solem;
1429 830 1534 892 tamen
1564 824 1637 894 licet
1660 825 1789 894 videam

288 939 446 1027 eclipsim,
471 957 532 1006 non
556 944 659 1026 potest
680 956 739 1026 per
761 940 822 1007 boe
845 938 922 1009 milri
948 938 1087 1025 probari,
1111 939 1382 1026 interpositionem
1404 958 1485 1022 esse,
1508 940 1679 1009 nisisciam
1696 942 1790 1028 prius

186 1138 189 1144 Ι
289 1055 422 1123 etmihi
445 1055 643 1132 ostendatur,
666 1054 752 1142 quod
775 1056 854 1125 baec
883 1055 1079 1143 interpositio
1106 1062 1154 1123 cst
1181 1073 1277 1124 causa
1312 1056 1448 1144 eclipsin
1473 1056 1596 1144 Er'goa
1630 1056 1727 1125 simili
1761 1057 1794 1124 in

289 1172 464 1260 proposito,
487 1171 635 1259 quamuis
656 1171 822 1260 probasset
844 1172 1052 1260 Augustinus,
1068 1172 1153 1260 quod
1171 1173 1278 1260 aliqua
1295 1173 1352 1242 lux
1369 1174 1419 1256 sit,
1436 1191 1518 1261 quae
1542 1174 1720 1242 seeundum
1740 1191 1792 1242 ve·

290 1289 414 1357 ritatem
439 1293 487 1357 est
509 1288 641 1358 ellectus
665 1287 745 1357 lucis
769 1289 942 1366 increatae,
965 1306 1129 1377 nunquam
1155 1297 1259 1358 tamen
1283 1289 1435 1375 probaret
1468 1289 1655 1372 efficaciter,
1684 1288 1792 1358 lucem

290 1402 462 1472 increatam
486 1422 569 1485 esse,
594 1405 653 1472 nisi
677 1404 768 1492 prius
790 1412 931 1486 osteum,
955 1404 1041 1493 quod
1065 1404 1123 1473 lux
1147 1406 1287 1472 increata
1311 1406 1352 1473 sit
1375 1405 1474 1487 lucis,
1498 1403 1529 1473 in
1545 1424 1610 1493 qua
1625 1405 1790 1488 uidemus,

289 1534 404 1601 causa;
426 1520 481 1588 sed
508 1521 609 1607 magis
632 1521 664 1589 in
687 1539 747 1589 suo
769 1526 958 1608 argumento
981 1526 1102 1608 peteret
1137 1522 1223 1609 quod
1246 1529 1294 1590 est
1318 1521 1353 1588 in
1379 1521 1558 1610 prinmpio.
1596 1522 1677 1610 Ergo
1711 1540 1788 1591 cnm

290 1653 352 1703 nnn
377 1635 506 1723 probet,
531 1637 622 1705 istam
647 1636 749 1705 lucem
773 1654 844 1704 esse
867 1636 1015 1706 ellectum
1039 1636 1169 1704 luminis
1192 1637 1341 1719 increati,
1365 1636 1391 1704 si
1416 1655 1477 1704 non
1495 1636 1673 1706 intenderet
1688 1639 1793 1723 bugu·

289 1752 391 1820 stinus
415 1751 498 1840 plus,
522 1770 617 1841 quam
643 1752 692 1820 isti
710 1752 838 1833 dieunt,
862 1751 986 1821 talleret
1009 1760 1040 1821 et
1063 1752 1214 1821 deficeret
1236 1754 1306 1822 eius
1329 1759 1554 1840 argumentum
1579 1752 1716 1840 turpiter
1739 1771 1793 1841 pe

290 1868 386 1935 tendo
408 1868 611 1955 principium.
647 1868 851 1957 Nequaquam
887 1869 971 1936 enim
996 1868 1127 1937 ellectus
1150 1868 1213 1936 sub
1236 1869 1374 1951 ratione,
1398 1888 1462 1957 qua
1485 1886 1538 1938 res
1560 1876 1609 1937 est
1631 1868 1792 1950 absoluta,

289 1984 384 2054 iulert
408 2002 536 2052 causam
561 2002 669 2066 suam,
692 1983 748 2052 sed
773 1991 896 2052 tantum
920 1984 982 2052 sub
1006 1984 1140 2067 ratione,
1164 2003 1228 2073 qua
1250 1985 1382 2053 ellectns
1404 1991 1462 2054 est.

379 2098 572 2167 Praedictum
596 2098 692 2168 etiam
716 2099 963 2181 deductionem,
987 2117 1051 2187 qua
1073 2098 1266 2197 ostenditur,
1294 2099 1380 2189 quod
1405 2099 1435 2166 in
1467 2098 1537 2193 luce
1559 2097 1667 2187 aliqua
1689 2116 1793 2186 supra

289 2221 427 2283 mentem
450 2214 556 2283 omnia
579 2215 843 2284 certitudinaliter
865 2233 1114 2302 cognoscamus,
1138 2215 1222 2284 idem
1243 2215 1439 2302 Augustinus
1462 2214 1550 2302 ponit
1571 2214 1612 2283 de
1636 2214 1793 2283 Trinitate

288 2330 537 2419 decimoquarto,
562 2332 701 2419 capitulo
724 2331 848 2400 decimo
870 2332 981 2419 quinto
995 2331 1024 2408 ¹,
1049 2330 1180 2413 docens,
1201 2331 1361 2419 quomodo
1392 2329 1499 2399 iniusti
1524 2336 1556 2398 et
1586 2328 1661 2397 mali
1685 2330 1794 2398 multa

288 2454 373 2516 recte
394 2447 634 2535 reprehendunt
656 2446 697 2515 ad
721 2464 827 2516 mores
849 2447 1047 2535 pertinentia.
1072 2446 1160 2515 Unde
1183 2447 1259 2515 dicit
1282 2447 1343 2515 sic:
1366 2446 1516 2533 «Quibus
1539 2464 1577 2515 ea
1601 2446 1722 2534 regulis
1744 2446 1795 2514 iu·

288 2562 404 2645 dicant,
427 2562 486 2630 nisi
510 2562 541 2630 in
565 2562 684 2650 quibus
707 2563 834 2644 vident,
857 2561 1128 2650 quemadmodum
1153 2562 1289 2650 quisque
1312 2562 1420 2631 virere
1443 2560 1567 2645 debeat,
1590 2561 1714 2630 etiamsi
1730 2578 1793 2631 nec

288 2677 345 2766 ipsi
364 2678 475 2747 eodem
493 2678 588 2747 modo
611 2679 738 2746 vivant?
756 2678 810 2747 Ubi
827 2695 882 2746 eas
898 2677 1052 2746 vident-r
1069 2669 1104 2745 n
1119 2677 1234 2764 probat
1249 2684 1489 2766 consequenter,
1504 2676 1591 2765 quod
1614 2694 1672 2745 nec
1688 2676 1720 2745 in
1736 2694 1794 2744 na·

287 2801 360 2862 tura
376 2814 435 2863 sua
457 2812 511 2865 aas
534 2794 652 2874 uident,
675 2810 734 2863 nec
757 2794 788 2862 in
812 2792 919 2882 aliquo
942 2792 1053 2862 babitu
1078 2793 1201 2862 mentis.
1225 2793 1307 2861 Dicit
1321 2794 1405 2861 enim
1421 2792 1483 2862 sic:
1505 2792 1639 2881 ‹Neque
1653 2791 1738 2861 enim
1758 2793 1793 2860 in

288 2928 348 2979 sua
364 2918 478 2980 natura
493 2928 548 2979 eas
564 2910 682 2991 uident,
694 2926 768 2978 eum
782 2909 994 2997 proculdubio
1010 2916 1114 2979 mente
1131 2910 1190 2978 ista
1202 2909 1382 2991 uideantur,
1394 2927 1571 2997 eorumque
1583 2914 1706 2977 mentes
1718 2926 1795 2977 con-

286 3031 347 3093 stet
358 3043 428 3095 esse
448 3024 627 3107 mutabiles,
650 3023 709 3093 lias
725 3042 801 3093 vero
813 3024 942 3111 regulas
958 3024 1172 3093 immutabiles
1188 3024 1303 3107 videat,
1318 3024 1465 3112 quisquis
1480 3024 1512 3093 in
1529 3024 1649 3093 eisdem
1672 3031 1706 3092 et
1727 3024 1794 3093 boc

287 3142 396 3211 videre
420 3142 575 3230 potuerit;
598 3158 657 3209 nec
676 3140 708 3208 in
732 3139 843 3210 babitu
859 3141 975 3209 mentis
990 3159 1077 3223 suae,
1093 3159 1167 3210 cum
1185 3140 1257 3211 illae
1274 3140 1403 3228 regulae
1418 3139 1482 3209 sint
1497 3139 1649 3222 iustitiae,
1665 3147 1794 3209 mentes

288 3275 499 3326 corneorum
524 3263 645 3326 constet
670 3274 740 3325 esse
771 3257 946 3324 iniustas».
970 3293 1015 3304 —
1038 3257 1114 3325 ltem
1139 3256 1178 3325 de
1202 3256 1354 3325 Trinitate
1376 3255 1626 3344 decimoquarto,
1648 3255 1794 3344 capitulo

286 3373 422 3460 septimo
436 3372 472 3441 ἰ
502 3373 567 3442 «ld
591 3378 690 3460 agunt
725 3371 861 3455 litterae,
884 3390 967 3460 quae
990 3372 1041 3441 bis
1063 3373 1162 3442 rebus
1184 3373 1380 3461 conscriptae
1403 3377 1495 3455 sunt,
1519 3390 1599 3461 quas
1629 3390 1682 3441 res
1704 3372 1792 3442 duce

287 3489 409 3558 ratione
433 3489 551 3558 invenit
574 3505 667 3557 veras
681 3506 750 3557 esse
774 3487 882 3570 lector,
906 3507 968 3556 non
992 3506 1071 3577 quas
1088 3506 1181 3557 veras
1196 3507 1266 3558 esse
1282 3490 1405 3570 eredat,
1421 3488 1478 3558 sed
1495 3507 1588 3558 veras
1603 3506 1674 3558 esse
1689 3488 1790 3558 etiam

286 3605 352 3692 ipse
369 3604 488 3673 invenit
503 3605 570 3672 sire
586 3604 672 3692 apud
690 3621 738 3686 se,
755 3604 821 3672 sire
838 3603 869 3672 in
887 3603 955 3692 ipsa
971 3604 1099 3687 mentis,
1117 3604 1187 3673 luce
1203 3605 1335 3674 ueritate
1351 3634 1382 3671 ι.
1396 3606 1473 3674 Ecce
1488 3605 1574 3694 qnod
1591 3604 1791 3693 Augustinus

285 3720 451 3808 distinguit
474 3721 555 3790 inter
571 3721 780 3808 cognitionem
805 3739 934 3802 rerum,
957 3740 1054 3809 quam
1077 3721 1184 3789 anima
1207 3721 1239 3789 in
1263 3739 1297 3791 se
1321 3721 1390 3809 ipsa
1413 3721 1514 3803 videt,
1529 3729 1562 3790 et
1577 3739 1674 3809 quam
1699 3721 1792 3790 uidet

286 3836 318 3903 in
343 3836 414 3905 luce
437 3843 577 3905 aeterna.
601 3836 729 3905 Certum
753 3843 801 3907 est
823 3843 950 3918 autem,
972 3836 1058 3926 quod
1082 3836 1137 3905 illa
1159 3855 1241 3925 quae
1265 3838 1352 3907 uidet
1375 3839 1406 3905 in
1430 3855 1464 3905 se
1481 3836 1563 3925 ipsa,
1586 3836 1674 3906 uidet
1688 3836 1721 3905 in
1739 3838 1787 3906 ln·

284 3951 369 4021 mine
391 3951 546 4034 naturali,
568 3970 666 4041 quam
690 3959 803 4020 uocant
826 3952 978 4041 praedicti
1004 3952 1111 4021 lumen
1136 3952 1316 4021 derivatum
1339 3970 1359 4021 a
1382 3953 1453 4021 luce
1476 3960 1618 4021 aeterna:
1641 3970 1720 4039 ergo
1735 3970 1789 4023 ne·

286 4085 373 4138 cesse
395 4076 459 4151 est,
480 4068 565 4158 quod
588 4067 697 4157 aliqua
720 4069 826 4137 uideat
849 4068 880 4136 in
906 4068 977 4138 lnce
999 4076 1145 4151 aeterna,
1169 4069 1213 4137 ita
1235 4069 1322 4159 quod
1344 4087 1407 4137 non
1428 4068 1532 4138 solnm
1550 4068 1580 4137 in
1598 4068 1719 4137 lumine
1737 4087 1792 4138 na·

286 4184 401 4269 turali;
423 4184 564 4274 alioquin
588 4185 756 4253 inculcatio
780 4184 951 4255 verborum
975 4192 1057 4255 esset
1080 4185 1229 4268 dicendo,
1253 4187 1339 4276 qnod
1364 4186 1432 4275 ipse
1454 4185 1554 4255 lector
1584 4203 1660 4256 vera
1683 4186 1790 4255 cernit

283 4301 351 4371 siue
374 4300 461 4390 apud
483 4319 518 4370 se
542 4301 609 4370 siue
633 4301 664 4370 in
688 4301 758 4391 ipsa
780 4302 895 4371 mentis
918 4301 990 4372 luce
1013 4302 1155 4372 veritate.

371 4420 459 4505 Quae
481 4433 559 4486 uero
581 4417 645 4487 sint
668 4416 723 4487 illa
745 4436 827 4506 quae
849 4436 941 4488 mens
963 4419 1064 4488 cernit
1088 4418 1118 4486 in
1143 4437 1178 4488 se
1209 4419 1278 4506 ipsa
1306 4426 1449 4501 tantum,
1481 4418 1513 4489 et
1539 4436 1623 4507 quac
1651 4418 1682 4488 in
1715 4417 1791 4490 lucc

282 4539 428 4616 aeterna,
451 4533 543 4602 docet
567 4533 651 4602 idem
674 4533 869 4622 Augustinus
890 4535 931 4603 de
954 4533 1106 4603 Trinitate
1122 4552 1221 4610 nono,
1236 4534 1377 4623 capitulo
1400 4535 1529 4617 sext0⁸,
1552 4535 1678 4616 dicens,
1694 4536 1787 4624 quod

283 4647 338 4716 illa
361 4666 445 4736 quae
468 4648 555 4717 ridet
578 4647 674 4717 bomo
698 4648 729 4718 in
753 4666 788 4717 se
804 4649 873 4737 ipso
890 4656 1030 4732 tantum,
1053 4667 1112 4738 per
1128 4657 1272 4739 tempora
1294 4650 1470 4731 uariantur,
1492 4670 1551 4720 nec
1566 4656 1670 4739 potest
1684 4651 1791 4721 alium

282 4763 323 4833 de
345 4782 384 4833 eo
410 4763 497 4853 qnod
521 4763 667 4853 intelligit
690 4763 881 4847 certilleare,
904 4765 959 4835 sed
984 4782 1112 4836 necesse
1136 4764 1231 4835 babet
1254 4765 1337 4836 alius
1359 4766 1420 4836 sibi
1443 4766 1574 4837 credere
1590 4754 1793 4855 affirmanti,

375 5050 384 5089 ¹
402 5051 479 5108 Num.
500 5052 542 5108 at.

370 5146 382 5181 ¹
400 5149 476 5207 Num.
496 5152 522 5206 e.

371 5248 476 5308 llum.
494 5253 519 5306 ll.
