3870 6488
836 878 947 931 sanna.
1594 860 1637 933 83

139 1004 282 1094 faciam,
307 1014 345 1074 ot
368 1007 474 1073 vitain
496 1014 669 1074 aeternam
688 1005 901 1093 possideam?
926 1006 961 1073 Et
984 1023 1174 1093 responsum
1207 1012 1256 1074 est
1289 1006 1340 1088 ei,
1374 1007 1461 1095 qaod
1495 1016 1639 1076 servaret
1763 1056 1767 1062 -

140 1123 300 1205 mandata,
322 1131 354 1192 et
377 1122 403 1191 si
428 1122 524 1191 vellet
545 1123 706 1210 perlaetus
729 1126 816 1204 esse,
839 1129 983 1191 servaret
1005 1122 1191 1203 eonsilium,
1214 1122 1245 1190 ln
1268 1122 1387 1210 quibas
1409 1123 1551 1192 consistit
1570 1142 1639 1210 per·

141 1241 222 1307 lecta
245 1238 413 1328 disciplina
435 1256 579 1322 morunt,
602 1239 633 1306 in
657 1238 782 1307 cautela
805 1256 918 1307 eorum
940 1255 1024 1325 quae
1046 1255 1105 1307 nos
1127 1238 1257 1307 incitant
1279 1239 1319 1306 ad
1343 1240 1549 1326 peccandum.

230 1354 478 1442 interrogandus
499 1363 548 1423 est
571 1355 666 1423 etiem
690 1355 732 1422 de
755 1354 805 1422 llis
827 1371 910 1442 quae
933 1359 1077 1443 spectant
1109 1353 1150 1421 ad
1177 1353 1354 1421 caritatem
1385 1352 1638 1434 berraroteatt'ae,

140 1470 289 1559 enetnplo
313 1470 392 1559 legis
415 1471 568 1551 doctoris,
592 1470 739 1539 Matthaei
762 1470 915 1557 vigesimo
937 1469 1114 1539 mcund0¹z
1138 1462 1310 1557 Maptster,
1333 1470 1422 1560 parad
1435 1479 1482 1538 eat
1497 1472 1637 1539 mamm

141 1595 213 1654 tam
234 1606 398 1675 mapntrm
422 1586 459 1654 in
482 1584 569 1674 tepet
592 1585 641 1654 tit
664 1584 724 1653 illi:
749 1585 875 1673 Ditipes
898 1584 1079 1653 Dantinraa
1101 1585 1208 1652 Decem
1231 1594 1328 1653 mam
1350 1606 1391 1654 ea
1425 1586 1525 1654 corde
1558 1594 1637 1667 tcto,

139 1712 170 1769 et
191 1722 232 1769 ea
253 1710 359 1769 merite
382 1710 443 1770 tua
464 1709 543 1785 etc.;
566 1700 622 1770 ulti
644 1701 833 1783 ostenditur,
855 1701 943 1789 quod
963 1700 1134 1789 pituitaria
1155 1701 1251 1789 repa
1274 1710 1321 1768 est
1343 1701 1472 1769 dileetio
1483 1703 1504 1770 ².

229 1818 310 1887 llaec
333 1817 430 1905 igitur
453 1818 515 1886 tria
538 1823 623 1899 sunt,
645 1835 728 1906 quae
752 1817 976 1904 interroganda
998 1826 1073 1887 sunt
1094 1817 1254 1887 euaristo
1270 1825 1421 1907 enarrem
1437 1838 1457 1887 a
1476 1819 1638 1907 magistro,

140 1942 171 2003 et
193 1934 235 2003 ed
257 1952 340 2023 quae
362 1942 428 2003 tota
449 1934 504 2003 lex
526 1934 643 2002 Christi
677 1940 726 2003 est
747 1933 910 2013 ordinata;
932 1940 964 2002 et
998 1933 1070 2001 ideo
1102 1934 1206 2003 omnis
1240 1934 1386 2003 doctrina
1419 1934 1638 2003 ministerialis

140 2048 280 2119 ducaris
301 2048 343 2117 ad
367 2049 446 2119 haec
468 2048 531 2117 tria
553 2048 649 2118 debet
670 2046 830 2129 ordinari,
846 2055 883 2116 ut
897 2048 959 2117 sub
974 2047 1029 2116 illo
1053 2048 1201 2137 Magistro
1223 2066 1350 2117 summo
1372 2048 1511 2119 alliciam
1543 2051 1639 2137 magi-

141 2165 229 2235 sterii
259 2165 356 2253 digne
379 2165 479 2253 possit
501 2165 681 2235 executioni
704 2164 866 2234 mandare.
890 2165 989 2235 Debet
1011 2182 1150 2253 namque
1173 2166 1390 2236 ministerialis
1416 2167 1567 2253 mapister
1591 2167 1634 2234 in·

141 2283 273 2351 andere
294 2282 453 2350 aerariae
473 2281 626 2349 vertatis
646 2282 741 2369 tirtel,
765 2281 943 2350 secundum
967 2280 1047 2351 illud
1069 2282 1192 2370 primae
1214 2282 1255 2353 ad
1282 2283 1521 2351 Timotheum³z
1553 2282 1639 2350 Veri

143 2406 242 2465 tatern
264 2396 339 2465 dieo
361 2406 393 2465 et
413 2416 481 2465 tran
503 2397 657 2477 ametur,
680 2396 794 2465 doctae
814 2397 965 2484 peritiam
988 2396 1025 2465 ia
1045 2396 1111 2485 fide
1132 2407 1162 2465 et
1185 2398 1331 2466 veritate.
1352 2398 1485 2487 Propter
1503 2398 1589 2486 quod
1606 2398 1638 2465 in

142 2512 283 2583 mcunda
298 2513 381 2583 Petri
393 2514 422 2581 ⁴:
447 2512 522 2581 Nan
544 2512 632 2581 caim
654 2513 771 2581 datae
791 2509 931 2599 tanaim
952 2514 1068 2594 seretti,
1095 2522 1210 2583 aotam
1224 2510 1367 2601 saintes
1386 2513 1478 2581 valta
1501 2513 1641 2583 mater

141 2628 252 2698 nostri
273 2628 350 2697 lesa
374 2627 503 2699 carati
523 2629 680 2697 virtatem
702 2637 733 2697 et
750 2628 990 2716 praesentiam,
1012 2630 1071 2698 red
1091 2629 1315 2719 cpemtatores
1336 2627 1425 2717 faeti
1446 2629 1539 2697 iltius
1567 2648 1637 2697 ma·

140 2744 342 2833 patratae.

232 2859 332 2929 Debet
354 2860 450 2930 etiam
473 2860 638 2931 intendere
660 2860 857 2948 disciplinae
878 2860 1072 2929 sanctitatis
1093 2861 1202 2945 animi,
1226 2861 1403 2931 secundum
1428 2862 1508 2931 illud
1528 2880 1640 2931 secun

142 2977 203 3047 dae
224 2976 266 3046 ad
301 2977 543 3046 Timotheum⁵2
578 2976 716 3045 Positra
737 2996 814 3044 sirm
835 2996 894 3066 epo
916 2977 1060 3063 (mulus)
1085 2976 1122 3044 ia
1154 2976 1332 3066 Eaaapetio
1360 2978 1578 3065 praedicator
1609 2986 1639 3045 et

142 3092 333 3181 apostatas,
356 3091 396 3161 ol
417 3112 522 3183 qaam
556 3111 698 3161 eausam
720 3101 751 3160 et
781 3091 861 3161 llaec
892 3092 1028 3179 patiam
1058 3093 1150 3181 quia.
1184 3093 1363 3162 secundum
1398 3093 1484 3180 arrad
1520 3093 1637 3163 dicitur

142 3208 389 3279 Prorerliiornm
412 3208 536 3278 decimo
560 3227 642 3277 nono
655 3208 684 3276 ⁸:
710 3208 872 3276 Doctrina
893 3207 964 3275 viri
974 3227 1037 3296 per
1056 3207 1257 3295 pritieatiam
1272 3208 1434 3275 aasattar.
1450 3207 1638 3281 sicutenim

143 3344 207 3393 nan
229 3324 322 3395 deret
350 3324 550 3414 insipientem
585 3325 700 3394 docere
728 3324 937 3413 sapientiam,
971 3324 1018 3393 sic
1050 3340 1113 3391 non
1147 3323 1239 3393 decet
1276 3324 1493 3411 impatientem
1525 3324 1641 3393 docere

143 3440 350 3529 patientiam,
372 3458 432 3509 nec
453 3438 724 3528 indisciplinatum
742 3439 862 3509 docere
877 3440 1088 3528 disciplinam.
1112 3438 1145 3508 ln
1162 3440 1306 3509 moribus
1321 3440 1405 3509 enim
1422 3439 1496 3528 plus
1511 3448 1642 3509 movent

143 3556 294 3645 exempla
316 3574 413 3644 quam
437 3554 546 3625 rerba.
585 3536 593 3549 ’

233 3672 334 3741 Debet
355 3673 450 3741 etiam
473 3670 639 3741 intendere
662 3671 898 3740 temulentiae
930 3671 1088 3740 caritates
1111 3670 1167 3741 Dei
1190 3678 1222 3740 et
1244 3671 1405 3760 proximi,
1437 3672 1642 3757 Ecclesiastae

144 3788 259 3857 ultimo
273 3786 303 3856 'z
328 3786 431 3859 Verba
452 3787 657 3876 sapientiam
678 3788 781 3878 actast
800 3786 932 3855 stimuli
945 3796 975 3855 et
990 3787 1092 3877 qaam
1114 3786 1204 3854 atavi
1225 3788 1262 3855 ia
1284 3787 1393 3855 attam
1415 3787 1533 3875 defiat,
1556 3806 1643 3877 qaae
1765 3854 1769 3859 .

143 3924 206 3992 per
227 3904 473 3993 nrapmroram
495 3904 673 3971 auaritiam
696 3904 778 3971 stata
800 3910 880 3971 sant
901 3912 1081 3991 apostare
1113 3922 1192 3971 arto.
1227 3902 1325 3985 llaec,
1362 3902 1507 3991 inquam,
1543 3904 1643 3971 rerlta

146 4028 222 4089 sunt
244 4020 343 4091 verba
365 4019 464 4090 divini
486 4020 621 4101 amoris,
643 4037 726 4107 quae
747 4026 915 4108 penetrant
929 4018 1088 4089 medullas
1109 4019 1230 4100 cordia
1252 4027 1285 4087 et
1304 4019 1383 4088 haec
1398 4020 1550 4088 dicantur
1572 4019 1642 4087 dari

143 4158 206 4226 per
225 4136 471 4227 mapistroram
487 4128 664 4203 amcitiam
679 4154 703 4202 a
712 4144 850 4225 pastore
864 4154 943 4217 arto,
964 4135 1054 4224 qrria,
1078 4135 1151 4204 licet
1172 4152 1264 4203 amor
1286 4135 1416 4203 divinus
1440 4135 1590 4204 laudetur
1611 4142 1645 4203 et

147 4252 322 4322 suadeatur
344 4268 402 4341 per
424 4250 524 4321 rerba
546 4249 738 4333 multorum,
761 4257 871 4339 utpote
893 4268 951 4340 per
974 4251 1166 4319 documenta
1187 4250 1328 4321 duorum
1350 4252 1643 4331 testamentorum,

146 4368 190 4437 ab
218 4387 284 4437 uno
306 4374 412 4437 tamen
434 4364 503 4437 solo
526 4366 631 4435 terno
645 4366 801 4456 spiratur,
824 4367 911 4455 quod
934 4367 1064 4455 quidem
1087 4374 1135 4436 est
1153 4375 1276 4455 pastea
1297 4373 1329 4435 et
1349 4374 1467 4455 pastor
1489 4366 1642 4434 omnium.

149 4484 185 4554 ta
209 4484 279 4555 ideo
301 4484 407 4553 omnia
430 4482 485 4553 illa
506 4483 605 4552 rerba
628 4482 804 4552 abeodem
834 4489 909 4553 sunt
938 4483 1024 4552 etin
1048 4483 1133 4552 idem
1167 4483 1321 4565 andana
1342 4490 1375 4551 et
1396 4490 1566 4571 propterea
1600 4483 1645 4550 di

147 4608 266 4670 cuntur
287 4600 371 4669 duri
391 4600 552 4687 signanter
571 4618 634 4687 per
656 4598 901 4687 neupatraram
924 4598 1117 4679 consiliam,
1146 4597 1230 4668 idem
1254 4596 1401 4667 videlieet
1431 4598 1644 4666 sentientium.

149 4716 186 4785 ut
199 4717 350 4807 qnoniam
364 4732 476 4785 omnes
491 4715 637 4785 docteres
653 4714 844 4785 christianae
859 4715 950 4802 legis
972 4713 1110 4783 finaliter
1133 4714 1250 4783 debent
1272 4713 1403 4783 andere
1422 4713 1463 4781 ad
1479 4712 1644 4781 uinculum

241 4986 250 5023 ¹
270 4987 345 5041 llere.
363 4986 407 5040 36.
426 4984 469 5040 st.
489 4984 615 5051 l'rrtgnta:
634 4982 732 5050 Diliges
749 4982 892 5037 Dominum
910 4982 995 5037 Mum
1013 4988 1089 5037 tuum
1107 4997 1139 5036 ex
1158 4989 1212 5037 toto
1230 4982 1310 5037 corde
1328 4989 1388 5051 tuo,
1406 4987 1433 5037 et
1450 4985 1476 5037 in
1490 4988 1542 5037 tota
1560 4983 1647 5035 naimo

147 5094 194 5141 tua
211 5090 261 5141 etc.

238 5183 343 5237 tuam.
363 5182 405 5249 l³,
425 5183 468 5237 lt).

239 5280 332 5350 ’cna
351 5282 377 5350 2,
394 5279 421 5335 7.

239 5378 252 5416 ⁴
268 5378 333 5448 Gap.
352 5380 377 5447 t,
396 5380 439 5434 ld.

238 5476 331 5545 ‘cua
351 5478 376 5545 l,
396 5478 437 5531 ll.
457 5470 499 5531 ln.
518 5474 647 5543 Vulgata:
666 5474 694 5528 ln
712 5488 767 5543 arto
785 5475 886 5541 positus
903 5486 963 5528 sum
981 5487 1034 5541 epo
1052 5472 1216 5541 praallmtor
1233 5479 1259 5526 et
1277 5472 1436 5540 aposolus...
1457 5474 1498 5527 te.
1512 5471 1553 5527 Ob
1565 5486 1646 5543 quam

148 5590 261 5633 ceruam
277 5577 356 5631 ειιειιιι
375 5576 441 5629 naec
457 5576 551 5641 pauor.

102 5659 117 5689 ⁸
237 5673 252 5711 ⁰
270 5674 343 5729 vers
364 5674 406 5727 rr.

240 5772 345 5827 lvere
365 5772 408 5825 ll.
427 5769 538 5837 Vulgata
558 5784 609 5838 pro
626 5769 713 5839 primo
731 5766 813 5839 acrasi
828 5766 907 5823 lrabet
926 5766 1004 5823 ucat.
