3870 6488
647 827 696 877 uu.
720 827 867 877 ulcllnuol
890 829 910 876 Α
935 828 1134 878 ltrulsvuun.

786 1069 1006 1139 RESPONSIO:

232 1304 276 1372 llll
300 1304 393 1372 istam
417 1303 633 1392 quaestionem
659 1302 853 1390 respondeo,
877 1302 964 1389 quod
987 1303 1123 1388 Angelus
1146 1302 1197 1370 rel
1213 1302 1309 1369 horno
1332 1308 1435 1388 polest
1458 1300 1646 1368 naturaliter

146 1420 321 1508 inlelligere
345 1438 458 1489 rerum
481 1427 623 1488 creatum
648 1423 680 1486 in
705 1419 836 1515 ueritate
859 1426 988 1487 aeterua
1011 1418 1118 1506 aliquo
1142 1419 1253 1500 mono,
1276 1425 1308 1485 cl
1323 1418 1430 1506 aliquo
1454 1418 1548 1485 ruodo
1572 1436 1644 1484 nnn.

144 1537 189 1604 lei
212 1537 306 1605 cuius
330 1536 567 1623 intelligentiam
591 1535 636 1603 sic
652 1535 889 1621 procedendum
911 1532 969 1603 εει.
1057 1622 1060 1629 ¹

238 1642 358 1717 Primo
374 1632 602 1721 declarandum
627 1658 692 1731 εει,
716 1650 803 1737 quod
819 1647 880 1716 uon
905 1657 953 1718 εει
975 1649 1059 1718 inem
1084 1667 1272 1738 cognoscere
1296 1649 1327 1716 id
1352 1649 1437 1736 quod
1462 1657 1508 1715 cst
1530 1668 1643 1714 vernon

145 1773 307 1847 creatum,
330 1772 362 1833 ct
384 1770 573 1852 cognoscere
597 1765 702 1852 ipsum
724 1764 786 1832 cub
809 1765 941 1832 ratione
963 1765 1043 1832 ocri.

235 1881 385 1950 Sccunrlo
408 1881 636 1949 declarandum
671 1887 736 1969 est,
771 1882 857 1970 quoe
887 1882 1024 1968 Angelus
1059 1880 1109 1949 uel
1134 1883 1230 1950 lromo
1258 1881 1314 1948 in¹
1352 1881 1473 1949 lumine
1508 1881 1644 1948 naturali

146 2006 248 2085 potest
271 2015 459 2085 mguosccre
482 1996 620 2084 aliquid,
645 1998 731 2085 quod
754 2005 804 2067 est
825 2016 939 2066 rerum
962 2006 1120 2080 creatum,
1136 1999 1283 2087 quamuis
1299 1999 1476 2066 secunlum
1501 1997 1645 2064 infnnum

146 2115 278 2182 mollum
302 2113 488 2200 cognitionis
512 2090 750 2197 intellectualis3
775 2115 806 2181 in
841 2115 959 2183 uirtute
995 2121 1098 2182 tameo
1135 2115 1221 2182 illius
1245 2114 1445 2195 influentiae,
1474 2133 1538 2201 qua
1561 2114 1646 2180 Deus

148 2230 253 2300 influit
275 2229 306 2297 in
329 2230 415 2298 omui
438 2231 570 2312 actione,
594 2249 676 2319 quae
700 2231 817 2299 elicitur
840 2230 1016 2317 irrslncntr'u
1035 2230 1212 2318 generalis.

246 2346 355 2415 Tertio
377 2346 605 2415 declarandum
629 2354 694 2428 εει,
717 2347 803 2434 quocl
826 2347 963 2434 ,lugelus
985 2347 1034 2415 vel
1060 2349 1156 2415 horno
1178 2354 1281 2434 potest
1313 2346 1488 2431 inlelligere
1519 2353 1646 2413 natura·

150 2463 224 2531 liter
248 2480 376 2538 uerum,
390 2470 533 2532 creatum
557 2462 618 2531 suli
641 2463 784 2545 ratione,
807 2482 871 2552 qua
895 2481 1028 2545 rerum,
1053 2464 1212 2551 loquendo
1235 2463 1274 2531 de
1299 2463 1498 2531 veritatemi
1523 2471 1647 2530 creatae

146 2580 331 2647 secundum
353 2579 442 2668 quial.

238 2697 366 2780 Quarto
389 2693 616 2764 declarandum
641 2702 699 2775 est,
722 2696 808 2785 quoll
832 2715 890 2784 per
914 2705 1078 2764 creaturas
1101 2696 1238 2783 Angelus
1262 2696 1312 2763 rel
1336 2695 1431 2763 trumo
1455 2694 1647 2763 naturaliter

148 2818 252 2899 polest
275 2829 464 2898 cognoscere
488 2812 652 2880 ueritatem
677 2820 839 2880 aeternam
864 2813 895 2879 iu
917 2813 1085 2900 gernernlr‘,
1110 2812 1293 2900 cognitione
1317 2812 1509 2879 dircrnac'un
1533 2819 1565 2879 et
1584 2831 1646 2877 rne

149 2929 245 2997 dc'uln
268 2934 300 2995 et
323 2925 487 3005 obsceno,-
510 2927 566 2995 secl
590 2927 651 2995 lroc
666 2928 751 3015 quod
770 2928 840 2996 clico
857 2928 1053 3007 discursive,
1070 2947 1132 2995 noo
1149 2928 1243 2996 debet
1266 2928 1395 2994 extendi
1420 2926 1460 2993 all
1484 2926 1646 3012 Angelum.

240 3042 360 3127 Quinto
383 3043 631 3135 declarandum,
652 3044 738 3132 quod
762 3044 898 3131 Angelus
922 3043 973 3112 vel
995 3045 1091 3112 homo
1114 3063 1175 3111 non
1201 3050 1304 3132 potest
1325 3042 1513 3112 naturaliter
1537 3042 1646 3110 villere

147 3167 310 3228 aeternam
334 3160 508 3228 ueritatem.

237 3274 334 3343 &uto
356 3292 399 3343 ex
422 3274 490 3343 istis
513 3275 742 3343 declarandum
766 3284 831 3357 est,
856 3276 942 3364 quorl
966 3276 1102 3363 Angelus
1125 3276 1175 3344 uel
1199 3276 1295 3342 lromo
1319 3273 1508 3342 naturaliter
1543 3279 1647 3360 potest

146 3391 322 3478 inlelligere
346 3409 459 3459 verram
483 3398 626 3460 creatum
644 3392 675 3458 iu
692 3399 821 3460 aeterna
836 3393 969 3461 ueritate
992 3391 1099 3480 aliquo
1122 3391 1231 3472 mono,
1255 3398 1286 3459 et
1309 3391 1417 3478 aliquo
1441 3390 1536 3458 morlo
1559 3407 1646 3455 nou:

144 3513 178 3573 et
201 3504 470 3593 specificabuutur
493 3506 538 3579 illi
562 3499 666 3588 molli,
690 3507 775 3595 quocl
800 3515 848 3577 εει
870 3506 1044 3595 principale
1067 3507 1232 3574 intentum.
1258 3506 1294 3574 El
1318 3514 1353 3573 ut
1377 3507 1477 3591 magis
1501 3505 1647 3571 ‹listiurte

148 3638 402 3711 prosequamur,
427 3622 658 3707 restringamus
688 3642 803 3691 nomeu
828 3624 894 3690 rori
918 3622 959 3690 ad
984 3641 1095 3690 rerum
1121 3622 1387 3709 lurcornpleumn,
1410 3623 1495 3709 quocl
1532 3628 1580 3688 est
1616 3621 1646 3686 iu

146 3755 184 3804 re
206 3736 383 3806 secundum
407 3737 492 3825 quod
517 3737 603 3806 dico:
629 3745 677 3806 εει
701 3757 798 3806 verus
821 3739 931 3818 llomo,
955 3756 1050 3806 uerus
1076 3738 1170 3825 lapis,
1194 3757 1291 3806 verris
1314 3738 1432 3805 asinus.

714 3969 919 4039 lullcttllls
942 3970 1085 4038 PlllllUS.

238 4200 378 4269 Primum
402 4201 575 4270 articulum
599 4200 727 4270 declaro
750 4200 811 4269 sic:
842 4201 917 4269 dicit
945 4199 1111 4268 luselmus
1143 4199 1225 4267 libro
1255 4199 1295 4267 clo
1323 4199 1478 4281 feritate,
1509 4199 1647 4286 capitulo

145 4318 299 4406 septimo:
318 4343 334 4378 «
347 4318 399 4386 Est
422 4318 520 4404 igitur
543 4317 659 4385 ueritas
685 4317 715 4383 in
739 4317 881 4384 omnium
906 4335 988 4404 quae
1012 4322 1086 4385 sumt
1109 4317 1263 4397 essentia,
1280 4317 1355 4404 quia
1371 4317 1430 4385 noc
1447 4325 1536 4396 sum,
1560 4318 1645 4403 quon

145 4435 179 4502 iu
204 4452 331 4503 summa
354 4435 486 4502 veritate
510 4438 627 4502 sunt».
651 4432 780 4500 Ventus
803 4450 879 4519 ergo
901 4433 1055 4501 essentiae
1079 4440 1203 4500 cronno
1227 4450 1325 4519 super
1348 4433 1449 4520 ipsam
1472 4432 1647 4499 creent-fam

146 4557 287 4618 creatam
310 4549 400 4619 addit
423 4549 672 4618 conformitatem
697 4548 738 4616 ad
762 4567 858 4616 suum
881 4546 1057 4635 exemplar,
1082 4547 1168 4635 quod
1190 4548 1333 4616 haletin
1351 4556 1480 4616 aeterna
1505 4549 1647 4616 scritate.

147 4665 229 4734 llaec
251 4672 358 4733 autem
381 4665 586 4733 conformitas
608 4665 720 4732 relatio
742 4663 898 4752 quaedam
923 4671 986 4745 est;
1009 4663 1194 4732 absolutum
1219 4670 1326 4732 autem
1362 4671 1464 4751 potest
1499 4662 1647 4748 intelligi,

148 4799 212 4848 non
236 4780 394 4849 intellecta
418 4797 477 4848 sua
500 4780 670 4848 relatione:
694 4797 772 4867 ergo
794 4779 930 4848 essentia
952 4786 1059 4848 creata
1090 4785 1193 4867 polest
1228 4779 1370 4866 intelligi,
1393 4798 1455 4847 nou
1490 4780 1648 4847 intellecta

147 4894 203 4963 illa
225 4894 457 4976 conformitate,
480 4913 577 4982 quam
601 4895 698 4962 lrabct
720 4893 761 4962 ad
785 4913 880 4962 suum
904 4895 1125 4981 exemplario
1150 4902 1279 4963 aeterua
1310 4895 1467 4963 ueritate:
1501 4914 1576 4981 ergo
1602 4914 1648 4961 es·

148 5010 250 5078 sentia
273 5017 380 5079 creata
402 5010 535 5097 intelligi
559 5017 662 5098 potest
684 5010 861 5078 secundum
885 5009 918 5078 iel
941 5009 1027 5098 quod
1050 5018 1112 5092 εει,
1136 5011 1258 5098 absque
1275 5011 1335 5079 lroc
1350 5011 1436 5099 quod
1454 5011 1647 5098 intelligatur

148 5125 210 5193 sub
232 5126 368 5208 ratione,
391 5145 456 5213 qua
480 5126 650 5195 conformis
672 5125 836 5212 praedicto
858 5124 1053 5212 exemplari,
1077 5131 1108 5192 el
1131 5143 1173 5193 cx
1198 5126 1401 5213 consequenti
1424 5127 1545 5215 absque
1569 5126 1647 5206 lroc,

148 5242 234 5329 quod
259 5241 453 5329 intelligatur
478 5242 538 5310 sub
562 5242 701 5322 ratione,
724 5259 788 5329 qua
811 5258 904 5308 uera:
929 5259 992 5308 non
1015 5248 1064 5308 εει
1086 5259 1163 5326 ergo
1195 5240 1280 5308 idem
1312 5259 1501 5328 cognoscere
1531 5259 1646 5309 rerum

148 5361 293 5426 creatum
316 5357 494 5427 secuudum
518 5357 555 5425 ιιι
576 5357 665 5447 qnod
686 5364 744 5436 est,
767 5363 799 5424 et
822 5373 1011 5442 cognoscere
1035 5355 1139 5443 ipsum
1163 5356 1226 5424 sul>
1250 5358 1387 5434 rationo,
1422 5377 1490 5446 qno
1517 5376 1646 5424 eerurn.

149 5472 211 5541 lloc
235 5473 330 5541 etiam
354 5479 440 5561 patet
462 5492 521 5562 per
544 5473 774 5562 experientiam
799 5480 863 5541 tam
889 5473 920 5540 iu
944 5490 1039 5542 sensu
1063 5490 1160 5559 quam
1192 5473 1223 5540 in
1255 5472 1431 5541 intellectu:
1461 5473 1648 5560 experimur

240 5721 249 5758 ¹
269 5724 289 5775 ll
306 5725 401 5776 omlttlt
418 5722 455 5779 io.
476 5723 555 5778 Paulo
573 5724 638 5777 lnlra
658 5724 678 5776 n
697 5733 779 5777 crtum
799 5736 847 5790 pro
865 5720 998 5795 infimum.

255 5842 286 5893 fle
300 5843 404 5894 lumem
419 5845 542 5904 cogolllonlr
556 5846 646 5894 rationo
