3870 6488
780 776 1018 833 PROLEGOMENA.
1569 777 1647 830 xxm

227 907 360 974 Plurima
382 909 449 973 eius
471 909 586 991 scripta
609 908 711 972 adhue
739 909 909 973 exstantia
938 908 1041 972 multis
1061 907 1235 986 codicibus,
1263 923 1342 988 quae
1370 907 1397 969 si
1425 913 1496 970 uota
1522 906 1647 969 luissent

146 1017 337 1097 Waddlngo,
358 1034 446 1080 suam
468 1016 641 1098 apologiam
662 1017 844 1080 testimoniis
865 1033 903 1079 ox
925 1016 999 1097 ipsis
1021 1015 1107 1078 libris
1134 1016 1213 1079 Petri
1235 1014 1312 1078 Olivi
1333 1014 1442 1077 sumtis
1460 1014 1558 1092 magis
1578 1030 1648 1077 eon·

147 1124 269 1189 llrnrare
290 1125 449 1206 potuisset.
471 1125 638 1206 Epistolam
660 1126 837 1206 longiorem,
858 1125 897 1189 ab
920 1126 986 1206 ipso
1002 1125 1030 1188 iu
1047 1125 1251 1189 defensionem
1266 1125 1382 1190 Summi
1397 1124 1550 1187 Pontilleis
1563 1124 1648 1186 Boni·

145 1231 216 1295 laeli
245 1233 320 1297 vlit
342 1233 499 1314 scriptam,
527 1250 566 1296 ex
595 1232 702 1296 codice
731 1232 870 1297 biblioth.
892 1233 1116 1314 Burgbesiauae
1137 1233 1175 1296 ele
1196 1232 1288 1307 Urbe,
1301 1233 1377 1310 sign.
1394 1236 1441 1294 bt.
1455 1231 1543 1313 (alias
1564 1229 1645 1311 llll.)

145 1347 215 1405 ante
230 1356 346 1421 paucos
358 1357 478 1403 menses
492 1340 719 1421 publicavimus
734 1340 763 1403 in
780 1340 912 1422 quodam
928 1340 1031 1404 libello
1045 1341 1212 1421 periodica,
1228 1341 1280 1421 qui
1296 1339 1397 1403 etlitnr
1412 1340 1441 1402 in
1456 1338 1618 1403 Germania
1627 1338 1646 1401 ¹.

145 1449 244 1512 Aliam
267 1448 514 1528 transcripsimus
536 1448 680 1511 ineditam
702 1448 769 1511 cius
790 1448 998 1529 quaestionem
1020 1447 1060 1511 tle
1079 1448 1213 1510 Primatu
1231 1455 1265 1521 ct
1286 1446 1497 1510 infallibilitate
1528 1445 1646 1509 Summi

145 1556 318 1630 Pontibus,
339 1571 420 1635 quae
433 1554 625 1618 inscribitur:
653 1563 725 1618 «nu
747 1556 883 1619 Romano
904 1555 1042 1618 Pontiilei
1065 1556 1094 1617 in
1117 1555 1176 1619 llele
1190 1561 1220 1617 et
1233 1554 1371 1617 moribus
1391 1555 1431 1616 sit
1451 1553 1490 1616 ab
1505 1553 1646 1618 omnibus

144 1669 290 1745 tanquam
305 1663 429 1741 regrrlae
450 1662 606 1726 inerrabili
628 1663 875 1727 obediendum».
898 1664 930 1725 In
951 1663 1010 1727 bae
1032 1663 1210 1744 quaestione
1231 1650 1409 1726 allirmaml'a
1430 1678 1535 1743 prosse
1549 1662 1647 1742 sequi-

145 1775 194 1833 tur
214 1770 340 1849 vestigia
362 1770 522 1851 Seraphici
553 1771 707 1846 Doctoris,
738 1771 791 1851 qni
820 1771 850 1832 in
882 1770 1016 1850 quadam
1047 1769 1159 1832 inedita
1186 1768 1368 1843 Quaestione
1388 1768 1542 1848 disputata
1565 1768 1645 1831 irlem

144 1885 357 1955 argumentum
380 1885 497 1941 tractat.
519 1912 560 1925 -
580 1879 733 1960 Exaerpta
755 1895 793 1942 rx
814 1878 935 1942 duabus
957 1879 1053 1959 ipsius
1074 1876 1304 1959 quaestionibus
1327 1877 1395 1939 virle
1416 1893 1485 1957 pag.
1507 1880 1644 1940 blei-bib

223 2092 272 2156 lx.
294 2093 418 2157 Praeter
438 2110 473 2157 ea
496 2095 660 2175 opuscula,
681 2095 805 2175 quaein
821 2095 880 2157 boc
902 2095 1004 2158 libello
1019 2094 1057 2157 de
1070 2111 1215 2175 suprema
1235 2094 1387 2157 humanae
1401 2093 1581 2175 cognitionis
1596 2111 1642 2157 ra·

144 2200 225 2263 tione
239 2200 408 2276 callimus,
429 2202 488 2265 alia
509 2202 648 2266 eiusdem
663 2202 777 2266 sacculi
792 2210 872 2276 sunt,
883 2219 962 2283 qnae
975 2201 1055 2291 illem
1070 2209 1282 2282 argumentum
1298 2208 1428 2265 tractant
1449 2219 1478 2262 v.
1499 2219 1527 2281 g.
1549 2199 1645 2273 erac-

144 2308 203 2369 stlo
218 2307 372 2388 disputata
393 2309 537 2390 anonymi
559 2310 694 2373 avretoris
709 2311 739 2372 iu
754 2309 861 2373 eodiec
875 2311 1008 2391 pessime
1022 2318 1148 2373 exarato
1159 2309 1336 2372 assisiensis
1348 2308 1501 2382 biblimln,
1517 2308 1643 2371 membr.

142 2430 222 2478 saco.
238 2414 312 2477 xlv.
328 2416 481 2491 exeuntis
498 2416 598 2479 titulo:
621 2415 834 2489 Mr’seolloneu,
847 2417 895 2480 lol.
908 2420 956 2480 bb.
967 2416 1085 2480 -Alia
1100 2415 1212 2479 inedita
1228 2423 1274 2478 est
1287 2416 1400 2494 egregii
1423 2414 1557 2478 doctoris
1571 2413 1643 2478 llrrl.

142 2520 278 2585 Praetlie.
300 2522 349 2585 Fr.
372 2520 568 2585 Berua-ntia
594 2521 713 2595 Tritia,
735 2524 868 2598 Parisiis,
889 2523 1028 2587 biblioth.
1049 2523 1210 2598 Natioual.,
1232 2522 1299 2586 eod.
1322 2523 1449 2585 membr.
1465 2538 1544 2584 saco.
1566 2522 1644 2584 lill'.

142 2626 218 2706 sign.
240 2631 328 2690 eobo.
342 2628 563 2692 -Discutitnr
584 2630 676 2692 ctiam
699 2629 779 2693 irlem
807 2630 966 2710 problema
989 2631 1019 2692 in
1044 2629 1122 2693 libro
1146 2635 1223 2693 1509
1251 2630 1375 2693 Parisiis
1397 2630 1562 2710 impresso,
1590 2629 1642 2709 qm

142 2740 188 2797 est
208 2734 362 2815 quoddam
385 2735 635 2817 Supplerrrcrrtnm
657 2737 695 2799 ad
718 2737 873 2800 Surumam
900 2737 1066 2800 Alexandri
1088 2738 1238 2812 balensis,
1260 2743 1290 2800 et
1310 2737 1444 2800 larnosus
1475 2736 1533 2799 sub
1556 2736 1643 2799 tilulo

143 2839 271 2905 Srrnrmo
290 2840 327 2904 (le
347 2840 513 2906 virtutibus
539 2842 718 2906 Alexandri
730 2843 767 2906 dc
782 2844 907 2907 Hales’.
929 2846 988 2908 llcs
1009 2845 1049 2907 ibi
1074 2844 1187 2927 (collat.
1209 2848 1256 2907 23.
1280 2844 1328 2907 iol.
1350 2847 1398 2907 67.
1420 2843 1518 2924 seqq.)
1533 2859 1642 2925 parum

142 2948 276 3013 dilucide
298 2955 457 3027 tractatur,
480 2951 509 3013 in
531 2967 621 3014 sensu
644 2959 744 3015 tamen
765 2952 867 3033 potius
889 2951 918 3015 S.
940 2953 1179 3017 bonaventurae.

231 3210 240 3246 ¹
262 3212 432 3263 lllslorisrlrrs
451 3212 577 3264 laluburb
598 3212 645 3264 ‹les
664 3212 879 3266 Gerros-Vereins
903 3215 975 3279 latta,
996 3228 1056 3279 pag.
1077 3213 1202 3266 ota-obt).

231 3310 297 3362 tlte
316 3313 507 3377 controversia,
526 3317 613 3363 utrum
635 3312 683 3363 lmc
702 3326 770 3377 opus
789 3314 821 3362 sit
839 3311 965 3378 lli-titium,
986 3327 1075 3378 uerno,
1094 3314 1139 3364 etr.
1160 3312 1245 3378 Opera
1266 3314 1352 3365 omnin
1371 3314 1396 3364 S.
1416 3312 1514 3365 llennv.
1536 3318 1598 3363 rom.
1623 3311 1640 3363 Ι.

143 3408 288 3473 Prolegom.
309 3423 369 3475 pag.
389 3409 452 3461 lix.
