3870 6488
825 836 873 887 111.
898 834 1066 887 1111111111.
1651 814 1694 884 llil

287 966 316 1033 b'.
340 964 428 1043 ltem,
452 963 536 1033 idem
560 964 643 1035 libro
667 982 759 1044 riano,
783 963 922 1050 capitulo
945 972 1037 1031 sexto
1051 964 1075 1029 ¹:
1099 989 1114 1024 a
1126 963 1232 1051 Neque
1257 963 1342 1031 enim
1365 963 1525 1050 corporeis
1549 962 1695 1031 sensibus
1747 1038 1756 1055 ·

195 1082 333 1150 ridendo
356 1100 413 1170 per
437 1080 678 1149 similitudinem
701 1079 881 1166 colligimus
904 1080 1083 1167 generalem
1113 1080 1163 1147 vel
1193 1080 1360 1167 specialem
1391 1080 1550 1147 humanae
1581 1078 1696 1145 mentis

198 1198 354 1278 notitiam,
379 1198 434 1265 sed
460 1198 622 1265 intuernnr
646 1196 840 1264 immobilem
865 1196 1049 1277 veritatem,
1073 1213 1114 1263 ex
1139 1193 1400 1285 arralperiecte‘l
1436 1204 1592 1282 qnantum
1627 1212 1696 1280 pos·

196 1330 324 1393 snmus,
347 1312 532 1394 debuimus,
557 1332 618 1380 non
642 1313 885 1400 qualiscumque
908 1312 949 1379 sit
973 1312 1109 1380 bortrinis
1144 1330 1251 1393 mens,
1288 1312 1344 1380 sed
1378 1310 1483 1398 qualis
1513 1328 1583 1378 esse
1617 1328 1696 1377 sem·

198 1427 329 1519 pitemis
363 1428 541 1497 rationibus
575 1428 732 1497 debeat».
761 1430 797 1497 Et
822 1429 854 1497 iu
882 1428 994 1496 eodem
1018 1428 1173 1515 capitulo:
1207 1428 1343 1515 «ltaque
1377 1426 1417 1494 de
1448 1427 1517 1494 istis
1549 1425 1696 1493 sensibus

197 1546 375 1615 secundnm
400 1544 486 1613 illam
511 1545 690 1613 iudicamus
721 1552 753 1613 ot
775 1563 845 1612 eam
870 1544 1032 1612 cernimus
1066 1544 1229 1611 rationalis
1256 1542 1372 1611 mentis
1407 1542 1567 1610 intuitu».
1594 1542 1629 1608 Et
1663 1542 1695 1608 in

197 1660 353 1749 principio
375 1661 487 1748 rapitis
507 1661 650 1749 septimi:
670 1661 730 1728 «ln
755 1661 809 1727 illa
832 1667 961 1729 aeterna
984 1661 1131 1741 veritate,
1155 1678 1212 1747 per
1236 1677 1332 1748 qnam
1356 1659 1534 1727 factasunt
1567 1657 1695 1737 aninlo,

197 1779 355 1856 sormam,
377 1779 555 1847 secundnm
577 1795 674 1866 qnam
699 1795 829 1858 sumas,
852 1784 883 1846 et
906 1776 1083 1845 secundnm
1107 1795 1203 1863 qnam
1217 1776 1249 1843 in
1273 1774 1365 1844 nobis
1387 1775 1437 1843 rel
1454 1775 1487 1841 in
1507 1772 1697 1860 corporibus

198 1911 274 1960 rera
296 1900 329 1961 et
351 1899 437 1961 recta
460 1893 581 1961 ratione
604 1891 725 1979 aliquid
742 1908 924 1978 operamur,
946 1891 1018 1958 aisn
1034 1890 1148 1958 uirentis
1164 1891 1337 1977 aspicimus
1352 1919 1382 1956 ι.
1397 1890 1477 1977 Ergo
1493 1907 1555 1955 non
1573 1894 1694 1955 lantum

199 2008 346 2077 ridemus
367 2014 400 2075 et
421 2007 641 2094 cognoscimus
665 2007 696 2074 in
720 2006 794 2087 illa,
820 2006 875 2074 sed
899 2005 986 2074 illam
1010 2007 1166 2074 ridemus.

288 2126 317 2191 6.
343 2123 430 2206 ltem,
454 2123 485 2190 in
509 2123 614 2210 primo
638 2122 720 2190 libro
742 2122 782 2190 de
807 2122 954 2190 Doctrina
986 2122 1191 2190 christiana':
1210 2121 1371 2208 «Sapiens
1393 2120 1509 2208 adepta
1540 2118 1696 2207 sapientia

198 2239 324 2326 sapiens
357 2245 422 2319 est;
444 2246 616 2326 antequam
650 2238 892 2325 adipisceretur,
916 2258 978 2307 non
1002 2247 1072 2307 erat
1094 2238 1234 2327 sapiens3
1266 2248 1299 2306 at
1334 2256 1411 2305 rere
1439 2238 1507 2323 ipsa
1538 2236 1697 2323 Sapientia

198 2373 256 2423 nec
278 2355 338 2424 luit
360 2373 502 2442 anquam
527 2354 691 2443 insipiens,
715 2373 773 2422 nec
795 2373 865 2423 esse
888 2373 1030 2442 ungriam
1047 2361 1158 2442 potest.
1182 2358 1284 2441 Quam
1309 2354 1334 2423 si
1348 2372 1410 2421 non
1424 2353 1590 2433 riderent,
1606 2352 1697 2419 nullo

198 2472 294 2539 modo
316 2470 411 2560 plena
433 2470 551 2539 fiducia
573 2471 669 2538 vitam
694 2470 996 2539 incommutabiliter
1018 2471 1216 2558 sapientem³
1239 2470 1322 2538 ritae
1356 2469 1503 2536 mutabili
1531 2476 1698 2555 antepone·

197 2593 278 2655 rent.
302 2586 404 2673 lpsam
428 2586 546 2674 qnippe
571 2585 714 2673 regulam
739 2585 898 2666 veritatis,
922 2605 986 2674 qna
1009 2585 1095 2652 illam
1120 2586 1258 2653 clamant
1280 2602 1350 2653 esse
1373 2585 1556 2664 meliorem,
1577 2582 1697 2664 rident,

198 2719 256 2770 nec
279 2702 405 2789 uspiam
428 2702 488 2769 nisi
512 2720 610 2789 snpra
633 2720 725 2769 snam
750 2709 908 2768 naturam.
931 2701 1018 2770 linde
1050 2700 1199 2770 omnibns
1232 2700 1274 2769 ad
1308 2699 1588 2787 contemplandam
1617 2716 1699 2766 corn·

198 2818 337 2886 mnniter
359 2824 455 2906 atque
479 2817 779 2886 incommutabiliter
802 2824 929 2904 praesto
952 2824 1009 2886 est.
1035 2819 1070 2887 tr
1094 2819 1154 2886 boc
1178 2817 1233 2906 qrri
1257 2834 1319 2884 non
1343 2816 1444 2893 ridet,
1468 2816 1511 2883 ita
1533 2823 1582 2883 est
1605 2814 1696 2901 qnasi

198 2951 312 3027 caecus
327 2933 359 3001 in
381 2934 458 3015 sole,
481 2935 533 3003 cni
557 2934 634 3002 nibil
659 2934 790 3022 prodest
806 2933 883 3021 ipsis
907 2934 984 3002 locis
998 2934 1167 3003 oculorum
1184 2930 1278 3021 [eius]
1297 2941 1360 3000 tam
1377 2932 1483 3001 clarae
1498 2941 1594 3019 atqrre
1611 2950 1699 3018 prae

198 3049 297 3118 sentis
320 3048 400 3118 lacis
422 3049 528 3137 lnlger
551 3051 713 3119 inlusos».
739 3052 818 3138 Ergo
842 3052 926 3120 idem
950 3051 1036 3139 qaod
1059 3051 1159 3137 prins.

289 3167 319 3232 7.
335 3163 422 3246 item
438 3164 607 3253 Dionysius
629 3166 797 3235 undecimo
825 3166 964 3254 capitulo
979 3166 1143 3255 Argolicae
1159 3166 1372 3234 llierarcbiae:
1401 3167 1459 3232 «ln
1476 3165 1537 3234 tria
1553 3166 1699 3234 dividun-

200 3413 272 3463 nem
286 3421 316 3476 ·;
332 3396 389 3465 sed
404 3395 510 3464 anima
533 3397 695 3467 rationalis
718 3417 779 3466 non
802 3400 991 3487 producitur
1014 3398 1073 3467 nisi
1097 3417 1156 3485 per
1177 3398 1318 3485 aliqrmm
1342 3398 1540 3466 inlinentiam
1558 3398 1614 3465 Dei
1631 3416 1699 3484 spe

199 3511 325 3582 etalem:
349 3531 426 3601 ergo
449 3531 507 3582 nec
529 3523 681 3603 operatur
704 3516 763 3584 nisi
788 3536 845 3604 per
867 3517 1008 3605 aliquam
1033 3515 1229 3584 influentiam
1254 3516 1433 3603 specialem.
1463 3516 1522 3583 Sed
1555 3514 1698 3601 operatio

199 3628 271 3698 eins
292 3630 422 3717 pmprla
446 3636 494 3697 est
515 3630 651 3717 cognitio
668 3631 912 3701 intellectualis:
938 3650 1014 3717 ergo
1036 3639 1096 3700 etc.

289 3747 321 3813 8.
355 3745 449 3829 ltem,
483 3764 577 3814 omne
615 3748 700 3834 qnod
736 3748 855 3817 lactum
878 3753 943 3831 est,
978 3748 1155 3815 secundnm
1190 3747 1330 3835 aliquam
1367 3746 1545 3814 rationem⁴
1579 3746 1696 3813 11111111

199 3866 258 3929 est.
281 3860 371 3948 Quod
395 3867 506 3939 antem
527 3862 756 3932 rationabiliter
777 3864 896 3932 iactum
920 3871 1114 3952 estoportet
1130 3882 1187 3951 per
1202 3864 1343 3951 alirpram
1360 3864 1514 3931 rationem
1537 3862 1697 3949 cognosci:

199 3983 257 4044 ant
278 3988 355 4063 ergo
378 3994 436 4065 per
459 3977 564 4059 illam,
587 3996 758 4067 perquam
781 3980 984 4061 factumest,
1007 3987 1064 4048 ant
1079 3997 1137 4066 per
1160 3979 1264 4046 aliam.
1289 3979 1320 4045 Si
1344 3979 1540 4067 paraliam:
1565 3997 1628 4046 non
1652 3996 1700 4046 co

200 4093 364 4178 gnoscitnr
385 4094 559 4176 veraciter3
582 4094 608 4161 si
632 4114 690 4182 per
712 4095 869 4177 eandem3
900 4096 956 4164 sed
980 4096 1087 4163 omnia
1120 4104 1195 4165 sunt
1228 4096 1310 4164 iacta
1340 4096 1477 4164 aeternis
1507 4094 1697 4163 rationibus:

199 4224 278 4296 ergo
299 4215 424 4277 tantam
447 4212 585 4279 aeternis
607 4194 785 4279 rationibus
807 4219 1051 4298 cognoscuntur.

291 4326 321 4391 9.
346 4325 442 4407 item,
465 4325 538 4394 talis
560 4333 609 4395 est
630 4327 710 4395 ordo
734 4328 765 4394 in
788 4328 937 4416 potentiis
959 4328 1101 4409 animae,
1125 4327 1211 4416 qnod
1235 4345 1361 4414 semper
1395 4327 1534 4415 potentia
1570 4326 1699 4394 inlerlor

200 4441 338 4510 consulit
359 4442 569 4529 superiorem.
595 4444 680 4511 Unde
703 4461 816 4512 sensus
839 4444 1065 4531 particularis⁵
1089 4460 1218 4512 sensnm
1243 4460 1463 4524 commanem,
1486 4460 1600 4511 sensns
1616 4460 1699 4511 eom·

290 4655 300 4692 ¹
319 4656 396 4709 Nom.
415 4658 441 4711 9.
452 4656 520 4711 —C
539 4672 589 4724 pro
604 4671 655 4727 per
672 4655 875 4713 similitudinem
894 4657 973 4711 babet
989 4672 1038 4727 prr
1057 4672 1151 4713 reram
1168 4655 1379 4712 sbaidtadlaeru.
1399 4656 1483 4710 Editio
1502 4670 1551 4724 pm
1563 4653 1700 4725 corporeis

200 4750 324 4810 ababa
350 4753 429 4808 babet
456 4753 542 4810 arabs
566 4753 711 4825 corporeas,
734 4770 783 4822 pro
801 4754 1008 4826 qualiscumque
1024 4771 1089 4810 roro
1107 4753 1197 4826 piratis
1214 4753 1435 4825 acrimoniamque.
1454 4782 1491 4794 -
1509 4754 1595 4809 Verba
1615 4755 1657 4805 bic
1674 4759 1701 4805 et

202 4860 293 4919 piostea
312 4854 338 4905 ln
357 4854 505 4919 parenthesi
525 4854 609 4921 posita
627 4868 659 4906 ex
677 4853 790 4907 editione
808 4853 909 4908 adiecta
928 4860 996 4906 Ι111111.
1014 4882 1051 4894 -
1068 4855 1129 4907 Loci
1148 4853 1203 4907 dna
1222 4858 1362 4921 monentes
1380 4859 1440 4906 scint
1459 4868 1483 4906 n.
1505 4854 1546 4906 1Ι.
1564 4858 1593 4905 et
1613 4853 1650 4905 11.

290 4949 302 4985 ¹
320 4948 384 5018 (111).
404 4951 429 5004 8.
448 4964 474 5004 n.
493 4952 573 5004 11.-
592 4951 618 5005 ln
637 4957 707 5005 textu
725 4952 844 5018 originali
864 4952 976 5018 legitur:
994 4951 1109 5021 Septem
1122 4951 1194 5007 euim
1205 4964 1290 5018 meas,
1311 4950 1340 5006 id
1357 4953 1396 5005 est
1413 4949 1510 5020 adepta
1529 4948 1697 5020 rapientium.

201 5044 329 5103 0111111111
347 5048 423 5103 lecito
441 5051 521 5103 11111111
539 5051 676 5117 participio
694 5048 791 5119 adepta
808 5051 834 5103 in
853 5064 931 5103 senso
950 5052 1071 5118 passivo,
1091 5049 1258 5118 quodetiam
1279 5064 1330 5103 non
1355 5063 1416 5102 raro
1442 5048 1472 5101 llt
1489 5047 1524 5101 ab
1548 5046 1700 5102 auctoribus

200 5146 323 5199 classicis.
341 5154 416 5198 -Α
436 5145 525 5200 rerbls
544 5145 619 5202 Uada
637 5145 762 5202 111111ιί1111
779 5162 810 5201 oa
828 5162 897 5216 qnae
915 5153 1063 5215 sequnntur
1080 5154 1166 5200 samia
1185 5153 1247 5200 sunt
1263 5161 1295 5199 ex
1314 5160 1336 5200 c.
1356 5149 1381 5200 9.
1401 5160 1427 5199 n.
1447 5148 1472 5199 b.

290 5242 818 5315 31111111111111111111111111111111111111111111.
837 5245 889 5298 Sed
908 5246 972 5298 baec
991 5245 1066 5298 lectio
1084 5252 1124 5299 est
1140 5246 1219 5299 etiarn
1238 5249 1327 5298 eontra
1354 5244 1397 5297 ed.
1425 5245 1571 5310 Augustini.
1592 5244 1618 5296 ln
1647 5243 1699 5296 lino

202 5343 281 5395 cutim
299 5341 348 5395 loci
367 5356 417 5409 pro
431 5341 584 5412 praesmb's
603 5343 622 5395 b
642 5342 720 5397 babet
736 5340 933 5413 praesentialis.

291 5435 303 5473 ⁴
322 5438 372 5493 Pro
388 5440 560 5506 explicatione
578 5442 679 5495 semlre
697 5448 807 5508 possum
825 5438 906 5493 rerba
926 5441 953 5492 S.
972 5441 1081 5507 bngrrsl.
1104 5440 1138 5493 113
1156 5441 1261 5507 Quaesl.
1280 5454 1306 5508 (1.
1326 5438 1368 5492 16.
1388 5454 1413 5492 n.
1434 5441 1467 5492 2:
1490 5439 1581 5506 «eris
1604 5437 1699 5492 audeat

202 5535 304 5604 dioere,
322 5536 407 5590 Deum
425 5536 650 5593 irrationabiliter
666 5540 754 5591 omnia
773 5537 944 5592 condidisset
964 5537 1041 5605 erod
1060 5540 1081 5591 si
1100 5544 1169 5591 recte
1188 5538 1239 5591 dici
1258 5538 1299 5591 rel
1323 5538 1394 5590 credi
1423 5552 1474 5590 non
1494 5543 1592 5603 pritest,
1612 5542 1698 5603 restat,

203 5640 230 5687 ul
249 5637 336 5688 omnia
355 5633 461 5690 rabbae
478 5638 529 5689 sint
547 5635 659 5689 condita.
678 5636 730 5688 Ner
748 5633 840 5690 rudem
860 5635 965 5689 ratione
983 5637 1072 5703 bomo,
1091 5650 1143 5703 11111
1160 5650 1246 5703 uranus
1265 5655 1277 5683 ι
1300 5642 1348 5687 etr.

291 5730 304 5767 ⁵
321 5732 342 5784 b
358 5731 549 5803 particulares.
