3870 6488
303 330 363 398 ldil
802 345 953 405 ouuasmn
975 346 1147 396 orsrcruuu
1169 346 1288 405 ursinus

297 462 568 560 superinductam.
593 471 680 541 Unde
702 470 908 560 semetipsum
930 490 993 539 uon
1016 470 1241 558 apprehendit;
1265 471 1321 540 sed
1344 488 1386 541 ex
1403 471 1478 552 boc,
1493 471 1578 560 quod
1599 469 1662 539 alia
1684 486 1798 557 uppre

299 589 418 671 bendit,
441 589 570 658 devenit
591 590 623 657 in
646 588 855 676 arguitionem
879 586 947 666 sui;
967 586 1050 655 sicut
1072 594 1104 655 et
1126 593 1242 655 natura
1264 588 1416 656 materiae
1440 586 1561 676 primae
1583 605 1626 655 ex
1650 585 1712 655 boc
1728 586 1798 672 ipso

297 705 511 793 cognoscitur,
533 705 619 794 quod
642 711 691 773 est
713 704 824 773 talium
847 703 1025 772 turmarum
1047 702 1216 791 receptiva.
1241 702 1287 771 lix
1309 703 1370 772 boc
1391 721 1483 790 ergo,
1506 702 1593 790 quod
1615 702 1724 770 anirna
1740 701 1799 769 bu

299 839 392 888 mana
415 819 640 889 immateriales
662 820 784 908 species
807 818 935 907 recipit,
958 819 1128 906 cognoscit,
1151 835 1185 887 se
1205 818 1460 907 assequendam
1484 823 1631 887 naturam
1655 817 1800 885 incute·

298 938 420 1007 rialem.
443 938 480 1006 Et
503 938 642 1007 breviter
655 937 683 1019 ¹,
697 945 734 1005 ut
749 935 872 1017 dicunt,
889 934 971 1005 sicut
994 934 1205 1003 materiamen
1221 934 1420 1023 cognoscitur
1442 934 1502 1003 uisi
1518 951 1576 1022 per
1598 932 1800 1021 analogiam,

300 1052 331 1121 id
354 1061 403 1121 est
425 1053 659 1140 comparatione
688 1052 730 1119 ad
753 1051 908 1131 loturam,
930 1050 974 1119 ita
1003 1050 1110 1119 anima
1133 1068 1197 1119 non
1228 1049 1389 1137 cognoscit
1417 1049 1622 1138 semetipsam
1645 1048 1707 1119 nisi
1738 1064 1800 1135 per

299 1168 461 1255 quandam
482 1168 659 1255 analogiam
682 1168 724 1235 ad
746 1168 869 1254 specics
891 1164 1114 1253 intelligibiles.

388 1276 449 1345 Sed
473 1276 532 1344 ista
554 1276 686 1363 positio,
707 1273 855 1363 quaoruis
877 1291 1068 1360 magnorum
1090 1273 1132 1341 sit
1154 1281 1186 1342 et
1210 1273 1356 1343 videatur
1380 1273 1450 1343 uiae
1464 1272 1704 1363 philosophicae
1726 1290 1801 1342 cnu-

300 1390 425 1471 venire,
449 1397 554 1458 nmen
578 1390 705 1458 videtur
728 1408 790 1457 non
813 1407 928 1476 parum
951 1387 1088 1457 delicere
1110 1393 1143 1456 et
1165 1388 1267 1457 multa
1290 1388 1540 1457 inconvenientia
1563 1387 1737 1477 implicare.

389 1506 480 1591 Quod
502 1506 587 1575 enim
616 1505 727 1593 primo
750 1504 860 1593 ponit,
890 1503 1085 1575 intellectum
1109 1522 1167 1574 nec
1190 1522 1307 1574 senec
1334 1503 1455 1592 aliquid
1478 1503 1608 1572 omnino
1631 1500 1803 1591 spirituale

301 1620 435 1702 intueri,
465 1622 594 1691 cumino
624 1628 672 1691 est
695 1629 804 1689 contra
835 1620 1021 1689 seruientium
1044 1620 1208 1707 Augustini
1241 1620 1273 1719 iu
1305 1620 1444 1709 Epistula
1465 1619 1507 1691 ad
1529 1618 1712 1700 Paulinam,
1739 1618 1800 1687 nbi

300 1736 389 1819 dicit,
412 1744 449 1805 ut
471 1737 720 1825 praeallegatum
743 1745 806 1818 est,
836 1736 922 1825 quod
945 1737 1028 1806 sicut
1050 1754 1146 1807 sensu
1173 1730 1317 1825 corporis
1339 1737 1486 1807 uidemus
1508 1736 1628 1820 lucem,
1657 1741 1801 1817 montes,

299 1854 446 1935 arbores,
470 1854 513 1921 ita
535 1871 632 1923 sensu
654 1854 771 1923 mentis
801 1852 887 1922 ridet
909 1852 1016 1921 anima
1045 1852 1143 1921 vitam
1166 1871 1275 1934 suam,
1305 1872 1397 1923 snam
1429 1852 1682 1941 inquisitiones,
1704 1870 1801 1921 snam

299 1968 510 2050 uoluntatem,
525 1986 608 2059 quac
622 1969 749 2056 aspicit,
773 1968 855 2039 sicut
877 1967 966 2037 uisus
987 1967 1131 2057 corporis
1152 1968 1252 2039 solem
1275 1954 1504 2041 retinentem:
1525 1976 1558 2039 et
1580 1967 1803 2039 decimotertio

300 2082 340 2151 do
363 2083 529 2167 trinitate,
552 2084 691 2172 capitulo
714 2081 858 2173 prinm’,
881 2082 966 2172 quod
991 2083 1077 2153 ridet
1100 2082 1259 2173 [quisque]
1283 2091 1315 2153 et
1336 2086 1438 2155 cernit
1461 2084 1557 2155 idem
1571 2085 1603 2155 in
1619 2083 1716 2153 corde
1739 2101 1802 2151 sun

299 2217 362 2267 non
378 2199 587 2282 mniicicndn,
609 2200 691 2269 sicut
711 2200 851 2269 animam
865 2198 1013 2279 alterius,
1036 2218 1134 2287 quam
1158 2218 1220 2268 non
1238 2200 1338 2282 videt,
1360 2200 1486 2269 coniicit
1501 2218 1544 2268 ex
1566 2198 1721 2281 mutibus,
1742 2197 1801 2267 sed

300 2332 371 2383 cam
394 2315 536 2385 intuetur
559 2321 591 2384 et
614 2321 699 2384 tenet
720 2315 897 2384 certissima
918 2314 1058 2385 scientia.

388 2431 480 2518 Quod
501 2431 646 2500 secundo
668 2430 762 2513 dicit,
784 2429 870 2518 qrund
902 2429 1061 2499 obiectum
1084 2428 1263 2499 intellectus
1294 2430 1470 2511 cmrirurcti,
1493 2430 1572 2501 dun
1604 2430 1636 2499 iu
1659 2428 1711 2497 uia
1735 2435 1802 2509 est,

301 2564 362 2614 nou
385 2552 434 2615 est
455 2546 514 2614 nisi
545 2546 734 2635 phantasma
756 2546 890 2627 directe,
921 2550 971 2613 est
993 2550 1104 2613 contra
1133 2546 1321 2615 sententiam
1344 2545 1510 2633 Augustini
1533 2545 1566 2613 iu
1590 2543 1728 2633 Epistola
1758 2540 1802 2615 ad

299 2664 485 2733 Nebridium
507 2663 738 2751 praeallegata,
760 2661 847 2750 quod
863 2658 1038 2747 intelligere
1053 2679 1116 2728 non
1140 2666 1263 2729 nutum
1280 2660 1316 2729 lut
1338 2661 1369 2730 in
1386 2659 1478 2729 nobis
1492 2679 1535 2731 ex
1555 2660 1805 2730 communitione
1825 2681 1828 2685 ’

300 2798 463 2860 sensuum,
479 2779 536 2849 sed
552 2779 743 2848 intrinsecus
759 2777 827 2867 ipsa
843 2783 948 2845 mente
964 2782 1060 2865 alque
1076 2777 1197 2847 ratione
1213 2784 1358 2846 nmtrnm
1375 2778 1581 2866 intelligimus
1592 2778 1805 2862 intellectum3

300 2903 332 2963 ct
354 2914 437 2963 uooo
459 2894 501 2965 de
523 2895 691 2975 trinitate,
713 2892 969 2981 capitulo‘tertio
982 2892 1008 2960 ¹:
1040 2891 1156 2981 «quod
1180 2893 1264 2963 sicut
1278 2912 1506 2982 corpurearnm
1529 2912 1639 2965 rerum
1655 2893 1804 2964 notitiam

301 3029 359 3099 per
382 3028 495 3081 scissus
511 3011 654 3098 corporis
676 3009 809 3097 colligit,
836 3008 880 3076 ita
904 3008 1164 3095 incorporearum
1186 3027 1245 3096 per
1272 3009 1491 3097 seuretipsam,
1512 3010 1662 3099 qnoniam
1685 3017 1737 3079 est
1759 3010 1807 3079 in

301 3144 496 3216 dtll'porean.

396 3242 578 3331 Utrumque
599 3249 706 3310 autem
731 3240 945 3309 videturesse
960 3246 1070 3308 contra
1093 3239 1246 3308 ratiormm
1271 3247 1301 3309 et
1320 3240 1459 3309 multum
1475 3241 1630 3329 derogare
1644 3240 1805 3311 nobilitati

301 3358 435 3426 animae.
458 3356 550 3444 Quod
573 3356 658 3424 enim
680 3356 788 3423 anima
810 3354 988 3437 rationalis,
1011 3373 1093 3442 quae
1116 3363 1165 3425 est
1186 3361 1302 3425 natura
1324 3356 1558 3439 intellectualis,
1572 3356 1617 3425 ita
1638 3356 1681 3427 sit
1703 3356 1807 3445 plmn

302 3474 490 3541 tasrnatibus
512 3471 706 3553 conc-reta‘,
729 3471 772 3539 im
797 3472 948 3539 immersa
970 3471 1002 3539 iu
1025 3490 1139 3540 seusus
1161 3471 1319 3561 corporis,
1342 3472 1386 3541 ita
1401 3472 1530 3559 alligata
1551 3472 1593 3541 sit
1607 3472 1749 3561 corpori,
1766 3480 1809 3542 ut

302 3588 381 3657 nibil
404 3589 472 3657 sinc
495 3588 715 3676 phantasmate
738 3586 906 3674 intelligat,
936 3588 1138 3674 semetipsam
1162 3595 1194 3657 et
1217 3587 1361 3670 babitus,
1383 3589 1439 3677 qni
1470 3588 1503 3657 iu
1525 3608 1565 3657 ea
1590 3595 1680 3670 sunt,
1711 3590 1808 3659 nullo

302 3705 397 3773 modo
419 3703 638 3792 apprehendat
660 3702 720 3773 nisi
744 3722 802 3791 per
824 3703 989 3783 accidens,
1012 3721 1073 3770 ιιοιι
1106 3703 1233 3772 videtur
1257 3704 1394 3773 multum
1422 3723 1596 3773 consonum
1620 3704 1808 3774 rationi.-

308 3820 452 3889 b'ltcrius
474 3825 611 3898 cunstat,
625 3818 712 3907 quad
736 3820 842 3887 arrium
857 3819 1020 3887 rationalis
1035 3819 1196 3906 duplicem
1212 3819 1308 3887 babet
1323 3821 1516 3907 portionem,
1537 3820 1698 3908 duplicem
1713 3840 1809 3909 aspe

303 3943 389 4005 ctum
413 3936 480 4005 siue
503 3936 630 4017 taciem,
652 3934 829 4003 secundum
848 3935 1028 4004 'doctrinam
1044 3934 1209 4022 Augustini
1232 3934 1422 4005 duodecimo
1436 3936 1478 4005 dc
1499 3937 1651 4006 trinitate
1663 3936 1690 4003 ⁸:
1708 3956 1809 4025 supe·

302 4051 442 4131 riorcm,
467 4069 549 4138 quae
572 4051 746 4139 deputatur
769 4050 1021 4138 contemplandis
1043 4049 1180 4119 aeternis
1202 4058 1235 4118 et
1257 4040 1493 4139 spiritualibus,
1515 4052 1611 4121 etiam
1634 4070 1693 4140 per
1716 4050 1807 4123 uiam

302 4175 450 4245 naturae,
465 4174 497 4235 et
517 4173 714 4235 «contuetur
737 4166 932 4234 immobilem
946 4166 1110 4235 ueritatem
1126 4190 1158 4248 ι,
1171 4174 1202 4235 et
1213 4185 1283 4235 earn
1302 4166 1431 4236 «cernit
1447 4167 1611 4237 rationalis
1626 4167 1743 4236 mentis
1760 4170 1809 4237 in-

303 4282 416 4351 cuitu»
444 4291 476 4351 et
507 4282 648 4371 «aspicit
671 4283 743 4351 visu
773 4283 888 4351 mentis
903 4306 936 4364 ι,
959 4289 995 4350 ut
1017 4282 1093 4351 dicit
1115 4282 1309 4369 Augustinus
1331 4289 1443 4352 octauo
1469 4291 1501 4352 et
1531 4302 1615 4373 nono
1636 4283 1677 4353 de
1702 4282 1809 4355 Trini-

303 4400 407 4468 tatc⁶z
431 4398 526 4467 aliam
543 4396 756 4485 truseruoreru,
780 4416 862 4485 quoe
885 4399 1057 4486 deputatur
1073 4398 1142 4467 istis
1163 4382 1392 4485 temporalibus
1415 4406 1447 4467 et
1461 4398 1682 4487 corporalibus
1703 4398 1812 4470 adrui

392 4649 401 4685 ¹
419 4649 440 4704 c
458 4650 663 4721 courcpucmer,
684 4654 711 4703 ct
728 4660 790 4701 mox
804 4660 856 4717 per
873 4644 1104 4717 commotionem
1122 4660 1171 4713 pru
1190 4644 1401 4717 mmpnrntionc.

391 4748 401 4783 ²
421 4748 498 4802 Num.
518 4748 542 4801 3.

391 4848 403 4883 ³
420 4848 496 4901 Num.
515 4848 540 4900 3.
558 4874 595 4887 -
613 4846 692 4899 Paulo
710 4852 769 4899 autc
787 4849 847 4911 post
865 4842 970 4898 radone
988 4844 1008 4896 B
1026 4842 1100 4896 addit
1117 4846 1156 4898 ut.
1177 4833 1180 4839 ’

391 4944 402 4981 ⁴
420 4946 471 4999 Cir.
492 4946 610 5012 August,
630 4944 663 4997 x.
683 4944 716 4997 dc
736 4944 808 4997 Trio.
828 4957 850 4996 c.
871 4943 895 4995 8.
915 4956 939 4995 u.
962 4942 1002 4995 ll.
1022 4943 1048 4994 in
1067 4941 1126 4994 lion
1138 4969 1175 4981 -
1188 4942 1267 4996 l‘uulo
1285 4943 1351 4996 lnlra
1370 4940 1390 4996 C
1408 4940 1535 5011 colliculo
1554 4940 1665 5011 corpori
1682 4956 1735 5009 pro
1747 4942 1812 5000 ulti·

302 5048 367 5113 pnto
385 5042 503 5114 corpori.

391 5141 482 5207 lCup.
503 5144 527 5194 3.
548 5156 572 5195 n.
593 5141 629 5208 3,
648 5145 675 5194 ct
692 5154 715 5193 c.
734 5140 759 5193 7.
780 5154 804 5194 n.
824 5141 866 5193 ta.

391 5241 491 5295 ⁶Libr.
510 5241 571 5295 Vlll.
591 5256 614 5295 c.
633 5242 658 5293 6.
678 5254 703 5293 ιι.
723 5242 757 5307 9,
776 5249 800 5294 ct
819 5254 842 5293 c.
861 5240 887 5293 9.
908 5252 932 5292 ιι.
954 5239 1004 5305 lt,
1023 5237 1066 5291 lx.
1086 5252 1109 5292 c.
1129 5238 1153 5292 o.
1173 5252 1198 5292 n.
1220 5237 1247 5290 ll
1264 5279 1271 5306 ,
1289 5243 1315 5292 et
1333 5251 1355 5291 c.
1374 5235 1400 5290 7.
1419 5250 1445 5290 ιι.
1465 5236 1507 5289 lt.
