3870 6488
793 372 944 435 Qt‘nasato
965 371 1139 424 amabatur
1162 372 1305 423 saccant

904 617 953 684 lb
970 615 1199 686 autmutari:

394 855 421 920 1.
445 852 526 922 Dicit
550 852 760 940 Philosophus
773 852 796 931 ¹,
818 850 905 939 quod
928 850 1008 918 nihil
1032 850 1068 918 fit
1089 850 1127 939 in·
1147 848 1328 931 intellectu,
1344 848 1402 919 nisi
1419 848 1511 936 prius
1526 846 1623 917 luerit
1639 847 1671 916 in
1688 867 1808 930 sensu,
1829 846 1833 851 ’

300 976 332 1038 ει
356 970 497 1058 loquitur
521 970 561 1038 de
585 970 748 1038 intellectu
769 969 954 1038 coniuncta:
978 986 1055 1054 ergo
1074 986 1171 1055 posse
1192 965 1372 1036 intellectus
1388 965 1546 1037 coniuncti
1564 983 1626 1033 non
1644 983 1679 1034 sa
1694 972 1809 1033 extari-

301 1086 347 1155 dit
372 1087 456 1155 ultra
475 1105 572 1174 passe
597 1085 696 1173 ipsias
720 1103 843 1154 sensns.
866 1084 927 1152 Sed
947 1103 1046 1171 passe
1067 1101 1181 1154 sensas
1203 1102 1266 1151 nan
1290 1082 1414 1170 attingit
1443 1082 1486 1150 ad
1509 1082 1628 1150 iormas
1659 1072 1827 1150 substan'

207 1284 213 1295 ¹
301 1202 392 1271 tiates
415 1220 541 1283 reram,
564 1201 621 1270 sed
646 1201 749 1270 solam
773 1201 814 1270 ad
838 1200 1063 1281 accidentales,
1087 1199 1173 1267 unde
1198 1198 1423 1267 substantiales
1450 1198 1571 1266 lamiae
1599 1216 1661 1266 non
1683 1197 1810 1267 cadunt

301 1321 331 1386 in
355 1336 464 1386 sensu:
488 1335 565 1405 ergo
589 1335 646 1385 nec
665 1335 762 1404 passe
785 1316 964 1385 intellectas
986 1315 1144 1384 corriunati
1168 1333 1203 1383 se
1225 1315 1370 1384 extendit
1392 1314 1433 1383 ad
1451 1314 1531 1382 illas.

390 1438 420 1502 b.
445 1435 538 1510 item,
563 1434 589 1503 si
615 1434 793 1502 intellectus
815 1434 1004 1502 coniunctus
1026 1433 1186 1519 cognoscit
1208 1433 1327 1500 formas
1349 1451 1459 1500 rarum
1480 1431 1723 1511 substantiales,
1745 1438 1808 1500 aut

300 1550 459 1636 cognoscit
480 1550 558 1618 eas’
581 1568 639 1637 ρετ
654 1550 846 1629 coactitium,
862 1555 920 1617 ant
935 1565 993 1637 ρετ
1016 1548 1175 1635 spacium
1192 1555 1249 1616 aut
1261 1566 1318 1635 ρετ
1334 1556 1431 1615 actea
1447 1548 1497 1616 rel
1521 1548 1652 1617 allectus
1672 1565 1807 1629 earam,

299 1673 356 1733 aut
378 1683 436 1754 per
458 1662 592 1752 larinas
614 1665 842 1733 accidentales
868 1665 932 1732 Non
955 1665 1067 1752 ρτιττιο
1083 1663 1203 1743 inacta,
1228 1664 1378 1751 qnoniam
1403 1671 1479 1733 tanc
1494 1664 1648 1732 essentiae
1664 1663 1804 1731 istarum

300 1800 411 1851 rernm
435 1781 650 1869 corporalium
674 1782 856 1850 immediata
887 1782 1057 1849 unirentur
1089 1782 1196 1850 menti.
1226 1781 1290 1848 lion
1320 1782 1464 1849 secando
1495 1781 1611 1861 murto,
1642 1779 1719 1869 qaia
1746 1789 1807 1849 aut

299 1917 357 1985 per
379 1898 517 1985 speciem
543 1898 692 1978 innatam,
716 1906 772 1965 aut
788 1917 844 1984 per
867 1898 1069 1985 acquisitam:
1088 1916 1150 1965 non
1167 1897 1271 1985 primo
1288 1897 1391 1979 modo,
1407 1897 1558 1984 quoniam
1574 1896 1680 1965 anima
1696 1894 1806 1963 nullas

299 2013 377 2081 tales
401 2013 523 2100 species
546 2013 656 2094 babet,
680 2031 753 2082 cam
770 2013 811 2081 sit
826 2020 933 2081 creata
948 2013 1036 2080 nuda
1051 2013 1134 2081 sicat
1150 2012 1259 2081 tabula
1273 2013 1295 2094 ³,
1319 2013 1350 2080 in
1366 2030 1431 2100 qua
1446 2013 1526 2081 nibil
1541 2020 1615 2081 acta
1643 2013 1804 2100 scriptum

298 2137 361 2205 ast;
385 2129 532 2198 similiter
555 2149 617 2197 nan
641 2147 698 2216 per
720 2130 931 2217 acquisitam,
954 2130 1105 2217 quioniam
1130 2130 1190 2197 ista
1214 2129 1350 2197 nabetur
1373 2147 1430 2216 per
1453 2147 1604 2211 sensam;
1620 2128 1806 2198 intellectus

297 2244 382 2312 enim
406 2245 594 2313 coniunctas
615 2245 753 2333 acquirit
775 2246 897 2332 species
920 2244 1078 2313 mediante
1102 2263 1215 2326 sensn;
1232 2245 1289 2313 sed
1306 2246 1427 2331 species
1443 2245 1564 2314 formae
1579 2244 1803 2315 substantialis

299 2379 362 2428 non
385 2359 521 2446 pertinet
542 2358 583 2427 ad
608 2378 752 2441 sensam,
775 2378 833 2429 nec
857 2360 893 2427 iit
928 2361 959 2428 in
984 2378 1096 2429 sensa:
1132 2379 1210 2448 ergo
1246 2378 1303 2429 nec
1336 2360 1540 2448 acquiritar⁴
1573 2361 1606 2428 in
1636 2359 1804 2429 intellecta

300 2477 488 2558 coniuncto,
505 2494 581 2564 erga
597 2494 654 2564 per
671 2477 807 2564 speciem
831 2477 1019 2565 acquisitam
1044 2497 1106 2545 non
1131 2479 1289 2564 cognoscit
1305 2477 1488 2546 imiasmadi
1504 2464 1633 2545 tonnas.
1649 2477 1805 2547 Similiter

298 2610 356 2661 nec
374 2612 437 2679 per
459 2601 557 2660 actas
581 2593 631 2661 rel
654 2593 800 2673 allectus,
823 2593 975 2681 qnoniam
998 2593 1053 2680 qni
1078 2593 1168 2681 prins
1192 2612 1254 2660 non
1277 2599 1482 2680 cognosceret
1504 2593 1627 2680 ignem,
1650 2611 1714 2661 non
1751 2612 1804 2661 co

297 2715 462 2795 gnosceret
485 2708 589 2795 ignem
614 2726 671 2796 ρετ
694 2709 834 2789 lamnm;
857 2717 890 2777 et
912 2715 1018 2778 tamen
1042 2709 1151 2778 illutus
1184 2716 1233 2778 est
1255 2710 1387 2778 effectas
1415 2708 1516 2796 ignis,
1546 2709 1668 2779 habens
1689 2717 1803 2778 artum

297 2824 433 2912 ubique:
458 2843 535 2911 ergo
556 2824 703 2893 similiter
726 2843 789 2892 non
813 2826 973 2912 cognoscit
995 2825 1190 2912 quidditates
1213 2843 1323 2893 rerum
1355 2825 1406 2893 vel
1429 2826 1549 2895 formas
1576 2825 1805 2910 substantiales

297 2958 355 3027 ρετ
377 2946 468 3009 actas
491 2940 541 3008 rel
564 2941 714 3022 allectas,
738 2941 810 3010 licet
835 2941 973 3010 babeant
1006 2947 1112 3009 ortum
1136 2959 1178 3009 ax
1203 2941 1297 3028 ipsis,
1329 2941 1389 3009 nisi
1412 2947 1658 3029 praecognosaat
1679 2941 1805 3011 immas
1902 2968 1909 2979 ·

297 3056 521 3126 substantiales
533 3082 543 3139 ;
565 3063 597 3126 ει
626 3064 700 3125 tanc
719 3065 768 3127 est
797 3058 941 3146 quaestio
963 3057 1077 3126 eadem
1099 3076 1181 3146 quae
1205 3058 1306 3144 prius.
1329 3056 1481 3125 Similiter
1504 3073 1563 3126 nec
1581 3076 1643 3144 per
1664 3052 1805 3144 formas

296 3171 533 3252 accidenmtcs,
556 3172 632 3260 quia
654 3180 730 3241 sunt
752 3172 885 3242 alterins
908 3175 1033 3261 generis
1056 3182 1087 3242 ει
1110 3173 1242 3242 rationis
1263 3191 1360 3260 quam
1385 3173 1506 3242 formae
1528 3172 1753 3242 substantiales
1768 3180 1806 3243 ει

295 3288 341 3355 eis
364 3288 674 3376 improportionales;
694 3289 823 3358 «simila
838 3297 944 3357 autem
960 3289 1055 3358 simili
1072 3289 1317 3376 cognoscitur»,
1341 3295 1377 3355 nt
1393 3288 1469 3357 dicit
1484 3288 1656 3374 Dionysius
1669 3287 1698 3354 ἐ
1721 3306 1804 3376 ergo

295 3404 384 3472 nullu
406 3404 501 3473 nrada
524 3415 759 3499 cognoscuntur
782 3406 902 3474 formae
925 3406 1153 3475 substantiales
1176 3406 1217 3473 ab
1242 3404 1404 3473 intellectu
1427 3403 1604 3473 coniuncto.
1681 3394 1684 3399 ’

387 3520 417 3589 3.
441 3521 536 3602 item,
560 3529 683 3596 certum
707 3528 769 3603 est,
792 3522 877 3610 qaod
902 3521 1024 3590 turmae
1047 3521 1272 3591 substantiales
1296 3539 1406 3589 rernm
1430 3521 1497 3590 sire
1513 3519 1707 3610 quidditates
1722 3528 1804 3589 sunt

295 3637 425 3706 intimae
448 3638 489 3706 ad
514 3637 600 3726 ipsas
623 3656 690 3720 res,
713 3657 851 3727 quarum
875 3645 951 3707 sunt
974 3640 1113 3720 tormae3
1136 3639 1191 3707 sed
1216 3638 1395 3707 intellectus
1410 3618 1804 3725 coniunctasestextrin·

295 3771 388 3822 secas
410 3754 451 3822 ad
474 3754 573 3843 ipsas:
596 3772 673 3841 ergo
696 3774 758 3823 rion
782 3763 830 3824 est
851 3756 1031 3843 praesentia
1055 3755 1240 3825 buinsrnadi
1265 3757 1442 3824 formarum
1466 3754 1725 3824 substantialium
1755 3756 1802 3823 ad

295 3868 499 3937 intellectum.
522 3869 594 3951 Sed,
618 3870 700 3938 sicut
722 3870 799 3939 dicit
829 3871 1069 3958 Philosophus⁶,
1092 3872 1228 3956 cognitio
1258 3871 1451 3950 intellectiva
1484 3871 1663 3939 necessario
1696 3870 1805 3957 exigit

295 3985 523 4071 praesentiam3
547 3985 731 4055 huiusmodi
748 3994 856 4056 autem
872 3987 993 4056 formae
1009 4005 1071 4055 non
1089 3995 1163 4055 sant
1180 3995 1363 4075 praesentes
1378 4004 1436 4055 nec
1451 3986 1628 4063 seautmum
1644 4002 1805 4066 ramnes

384 4281 392 4316 ¹
412 4280 482 4336 ler.
502 4284 538 4336 ΙΙΙ.
557 4284 592 4338 da
610 4285 710 4352 clnima,
729 4292 788 4339 text
809 4284 851 4338 39.
872 4283 905 4353 (c.
925 4284 975 4352 8.);
995 4284 1028 4338 de
1047 4285 1130 4338 Scnsa
1150 4290 1177 4339 at
1199 4286 1316 4351 Scnsata,
1335 4299 1358 4340 c.
1378 4285 1403 4337 6.
1421 4311 1458 4324 -
1484 4284 1563 4338 Paula
1582 4285 1646 4339 lnlra
1664 4285 1686 4337 Α
1706 4288 1806 4352 relatu

295 4376 380 4448 ipsius
399 4388 459 4446 past
477 4380 532 4437 Sed
546 4395 633 4452 passa.

383 4477 394 4512 ²
413 4479 433 4531 Β
451 4478 560 4550 attinqit
577 4494 640 4547 eas,
662 4488 688 4534 ct
706 4482 785 4548 paulo
804 4489 863 4548 past
880 4479 946 4552 quia
965 4483 1022 4535 laco
1041 4481 1189 4552 quoniam·
1207 4481 1303 4536 deindo
1316 4482 1372 4538 Nec
1384 4480 1510 4548 sacrando,
1530 4479 1595 4551 qaia
1608 4482 1665 4534 loco
1677 4481 1742 4555 avon
1762 4497 1805 4539 sc·

294 4575 382 4630 canda
400 4575 497 4644 modo,
518 4577 605 4648 qaia,
627 4586 653 4632 ct
671 4580 765 4632 larum
785 4579 850 4650 qratia
869 4580 919 4648 pro
937 4587 1064 4649 smprrcmte
1082 4579 1220 4650 quomam.

382 4673 394 4709 ³
413 4675 433 4727 Β
451 4675 524 4729 addit
541 4668 615 4730 rasa.
637 4676 741 4730 videsis
759 4677 880 4745 ilristut,
899 4678 935 4731 ΙΙΙ.
955 4678 989 4732 dc
1008 4679 1115 4745 buinna,
1134 4684 1193 4732 tart
1217 4678 1256 4732 tl.
1276 4678 1309 4745 (c.
1330 4677 1374 4745 4.).

384 4771 394 4807 ⁴
414 4773 433 4826 B
452 4786 507 4828 nan
524 4772 692 4845 acquiretur,
713 4780 739 4829 et
758 4776 837 4843 paulo
855 4784 915 4842 post
932 4777 1006 4833 addit
1019 4790 1072 4847 per
1089 4784 1149 4832 ante
1166 4776 1283 4848 effectus.
1308 4779 1426 4847 bonique
1449 4779 1470 4831 Α
1498 4779 1591 4832 mirlttit
1615 4790 1713 4833 raram
1739 4790 1805 4846 past

294 4866 464 4939 quidditates.

385 4968 452 5023 5[ιε
471 4970 579 5026 Caclast.
599 4973 730 5039 lincam,
750 4987 773 5025 c.
794 4975 818 5025 l.
839 4975 871 5038 Β,
892 4973 936 5027 rrbl
956 4973 1089 5040 duplicem
1108 4974 1226 5040 modum,
1246 4989 1301 5043 quo
1319 4976 1505 5041 cognoscimus
1523 4974 1625 5041 Βτυτττ,
1650 4974 1803 5045 distinguit,

293 5070 391 5122 scilicet
410 5083 493 5122 unum
512 5085 560 5138 ρετ
577 5071 774 5125 sinrilitndincm
793 5076 991 5136 creaturamm,
1009 5073 1119 5125 almram
1138 5087 1187 5139 per
1205 5086 1297 5125 caram
1316 5072 1560 5126 dissinrilitadlnem.

383 5166 395 5202 ⁶
413 5167 535 5235 drismt,
554 5169 590 5222 lli.
611 5168 644 5222 da
662 5168 772 5237 Aiilrna,
792 5175 851 5224 tart.
872 5170 914 5223 38.
935 5171 967 5237 (c.
988 5171 1032 5239 8.).
1051 5198 1087 5210 -
1106 5170 1185 5224 Parata
1204 5177 1263 5225 anta
1282 5172 1302 5225 Β
1320 5173 1413 5226 οτττιιιιι
1430 5168 1659 5239 substantialium,
1681 5179 1708 5227 cl
1725 5158 1804 5242 po'nil

294 5264 370 5340 apud
386 5280 436 5337 ρτο
454 5265 497 5323 ad.
1620 5300 1623 5305 ·
