3870 6488
214 357 278 428 ala
793 376 944 438 oaarsrro
967 376 1138 430 occurant

303 500 347 571 ld
372 502 423 571 99.
448 499 638 582 dicendum,
659 501 745 591 quod
770 502 898 591 quando
920 510 988 572 tom
1011 503 1152 592 operatio
1174 503 1296 592 agerrtis
1319 504 1477 594 dependet
1498 504 1539 575 ab
1558 503 1714 577 extrinse-

213 639 267 701 co,
291 627 366 689 tunc
389 620 462 708 plus
484 620 590 707 agitur
613 639 709 708 quam
733 621 850 706 agat¹,
873 621 955 690 sicut
977 631 1026 690 est
1049 623 1079 690 in
1103 623 1245 710 appetitu
1270 624 1520 707 irrationalium;
1543 626 1590 695 sic
1604 632 1713 695 autem

212 756 275 805 nnn
298 743 346 805 est
370 736 400 805 in
425 738 594 824 proposito.
617 737 696 805 Nam
727 738 884 806 inchoatio
906 738 1098 825 operationis
1121 740 1342 809 intellectualis
1372 748 1421 811 est
1443 743 1484 811 ah
1507 743 1608 823 intra,
1642 742 1715 811 licet

212 854 442 922 consummatio
464 853 506 921 sit
520 853 561 920 ah
583 860 689 922 extra:
711 872 783 921 narn
807 860 840 921 et
854 854 1064 941 apprehensio
1080 862 1111 923 et
1135 855 1288 924 iudicium
1304 864 1336 926 et
1358 858 1496 926 inventio
1519 866 1595 928 sunt
1618 876 1716 928 serae

212 970 411 1059 operationes
445 970 641 1052 intellectus,
675 989 756 1057 quas
787 989 861 1041 vere
895 975 1045 1050 exercet,
1068 973 1214 1059 quamvis
1237 973 1396 1042 mediante
1419 974 1540 1044 lumine
1564 960 1715 1044 increato.

302 1089 360 1157 Per
384 1087 437 1156 93.
462 1087 611 1156 ridentur
633 1087 730 1175 aliqui
755 1086 814 1154 sibi
838 1086 985 1174 probare,
1009 1087 1204 1156 intellectum
1232 1097 1395 1176 agentern,
1420 1090 1460 1158 de
1483 1108 1548 1177 quo
1571 1090 1717 1178 loquitur

213 1203 440 1291 Philosophus,
463 1220 533 1271 esse
557 1209 678 1290 partem
695 1201 829 1283 animae,
845 1221 883 1270 eo
899 1202 984 1290 qarod
1001 1202 1069 1290 ipse
1092 1203 1182 1283 dicit,
1206 1204 1284 1272 haec
1307 1204 1372 1273 duo
1394 1211 1542 1293 oportere
1558 1206 1716 1274 inanima

213 1320 368 1406 reperire:
394 1318 473 1386 illud
496 1317 615 1387 scilicet
637 1337 701 1406 quo
727 1323 776 1386 est
797 1318 903 1385 omnia
924 1315 1049 1405 fucere,
1074 1319 1160 1406 quod
1182 1327 1231 1387 est
1255 1319 1433 1389 intellectus
1455 1338 1569 1408 agens
1592 1327 1625 1390 et
1648 1342 1716 1410 quo

213 1443 261 1503 est
282 1435 389 1503 omnia
410 1433 497 1520 fieri,
530 1435 616 1522 quud
646 1440 695 1503 est
717 1434 886 1522 possibilis.
918 1435 979 1502 lloc
1002 1440 1107 1503 tannen
1139 1453 1199 1502 non
1228 1442 1353 1523 oportet
1374 1436 1490 1505 dicere.
1518 1437 1596 1505 Nam
1628 1436 1715 1506 idem

214 1549 423 1636 Philosophus
446 1556 561 1636 quarto
585 1549 805 1635 Pltysicorum
822 1551 853 1616 in
870 1549 1008 1637 capitulo
1024 1550 1063 1617 de
1086 1549 1179 1617 loca2
1203 1551 1369 1637 distinguit
1384 1551 1494 1639 plures
1513 1552 1626 1620 modos
1640 1553 1715 1622 eius

212 1667 298 1753 quod
325 1673 373 1736 est
395 1686 463 1734 csse
485 1666 533 1746 in,
557 1684 695 1753 quorum
719 1684 804 1733 uirus
831 1673 889 1746 est,
911 1666 999 1733 shut
1020 1673 1147 1733 rnotom
1170 1674 1218 1734 est
1240 1667 1276 1733 ia
1298 1668 1440 1747 mot-im,-
1462 1675 1494 1736 et
1526 1669 1584 1736 isto
1616 1670 1716 1736 modo

212 1789 261 1850 est
283 1782 391 1851 lumen
414 1788 580 1850 aeternum
604 1781 775 1861 inanima,
800 1781 986 1868 imprimens
1009 1781 1041 1848 in
1065 1800 1136 1850 eam
1157 1788 1188 1849 et
1212 1782 1312 1869 ipsam
1337 1782 1505 1851 irradians.
1530 1783 1617 1852 Unde
1642 1784 1719 1853 licet

213 1916 276 1965 non
300 1898 395 1965 sitin
418 1898 524 1965 anima
547 1916 604 1985 per
628 1897 815 1976 essentiam,
839 1897 882 1964 ita
905 1897 990 1984 quod
1014 1897 1055 1965 sit
1076 1897 1222 1966 eiusdem
1246 1897 1401 1966 essentiae
1423 1916 1498 1966 curn
1520 1917 1576 1982 ea,
1598 1907 1648 1967 est
1674 1906 1719 1968 ta·

212 2031 286 2081 uren
309 2013 340 2080 in
365 2013 434 2100 ipsa
456 2030 514 2100 per
536 2011 733 2102 efficaciam·
748 2020 780 2080 et
796 2011 871 2080 huic
894 2012 1064 2081 concordat
1086 2011 1270 2099 exemplum
1293 2012 1484 2101 Philosophi,
1499 2015 1719 2102 comparantis

213 2127 408 2197 intellectum
431 2134 576 2214 agentem
600 2127 727 2208 lumini,
750 2134 783 2196 et
805 2127 988 2215 possibilem
1012 2127 1178 2214 diaphano.
1229 2220 1231 2224 Α

301 2243 345 2312 hd
369 2245 422 2312 lt.
454 2248 539 2331 patet
569 2243 714 2330 peciam
738 2243 831 2312 dicta.
863 2243 940 2309 Nam
964 2262 1005 2310 ea
1027 2240 1226 2330 perfectione
1255 2243 1414 2331 potentiae
1435 2251 1501 2327 est,
1531 2245 1617 2333 quod
1650 2264 1718 2313 nnn

212 2358 312 2445 possit
333 2359 488 2445 complete
511 2359 543 2426 in
565 2377 658 2427 suam
680 2360 896 2446 operationem
931 2359 999 2427 sine
1026 2359 1219 2427 adminiculo
1252 2361 1427 2446 superioris
1460 2363 1599 2448 agentis,
1630 2361 1718 2431 sicut

212 2481 298 2561 patet
320 2475 352 2541 in
368 2474 570 2560 generatione
593 2474 739 2543 hominis.
757 2475 844 2544 Unde
867 2475 971 2562 prima
993 2494 1069 2563 pars
1084 2476 1264 2562 argumenti
1280 2476 1382 2562 nragis
1404 2482 1452 2545 est
1466 2477 1506 2545 ad
1531 2479 1716 2566 oppositum

212 2608 307 2677 quam
331 2589 372 2657 ad
396 2589 604 2676 propositum.
621 2628 665 2639 -
682 2592 722 2657 Et
738 2591 826 2680 qood
841 2590 952 2658 obiicit
967 2590 1008 2658 de
1024 2591 1095 2659 visu
1112 2596 1262 2673 noctuae,
1286 2591 1472 2674 dicendum,
1494 2593 1581 2680 quod
1597 2595 1719 2665 melius

211 2706 298 2775 videt
321 2707 361 2775 de
384 2712 475 2775 nocte
498 2726 594 2794 quam
618 2708 658 2776 de
680 2708 732 2775 die
748 2715 878 2795 propter
901 2708 1117 2795 impotentiam
1134 2707 1261 2775 virtutis
1285 2708 1421 2791 visivae,
1436 2727 1519 2796 quae
1543 2710 1650 2780 lucem
1667 2732 1716 2781 so

211 2820 251 2889 lis
273 2839 335 2890 non
359 2829 462 2909 potest
485 2823 661 2905 sustinere3
685 2823 852 2891 radiositas
876 2841 951 2890 uero
968 2822 1091 2891 modica
1115 2822 1165 2891 sui
1187 2822 1316 2909 organi,
1340 2842 1437 2910 quam
1460 2825 1520 2893 sihi
1544 2825 1719 2914 ingemina·

212 2937 257 3005 vit
280 2946 412 3020 natura,
434 2944 471 3006 ut
492 2938 600 3026 aliquo
624 2939 718 3006 modo
742 2939 851 3006 videre
874 2944 980 3025 posse
1003 2938 1044 3006 de
1066 2945 1175 3018 nocte,
1199 2939 1274 3026 qnia
1298 2939 1339 3007 de
1362 2940 1413 3009 die
1440 2960 1501 3008 non
1532 2950 1655 3030 potest,
1673 2945 1718 3014 in·

213 3052 352 3120 tellectui
373 3053 495 3138 agenti,
519 3054 573 3140 qui
598 3062 744 3141 estpars
767 3054 906 3134 animae,
929 3053 1207 3141 proportionatur‚
1230 3061 1266 3121 ut
1288 3055 1408 3122 dictum
1432 3064 1489 3125 est.

300 3167 345 3236 ld
370 3171 422 3236 ⁶25.
446 3169 634 3250 dicendum,
658 3170 744 3257 qued
768 3170 794 3237 si
818 3169 1052 3237 commentator
1075 3168 1249 3250 intellexit,
1273 3171 1359 3257 quod
1382 3170 1468 3240 lleus
1483 3191 1546 3239 non
1569 3173 1635 3260 agit
1661 3175 1719 3242 im·

213 3283 348 3352 mediate
371 3285 403 3351 in
426 3286 509 3352 omni
534 3286 670 3368 actione,
694 3286 815 3353 errauit
837 3304 894 3353 nec
917 3291 966 3352 est
989 3285 1209 3366 sustinendus;
1233 3285 1259 3352 si
1284 3303 1360 3353 vero
1376 3285 1558 3356 intendebat
1581 3307 1719 3376 crogare,

211 3403 366 3501 actionem
390 3412 555 3472 creaturae
570 3420 640 3471 esse
656 3404 828 3472 totalitera
850 3404 929 3484 Dec,
947 3403 989 3470 ita
1012 3403 1097 3489 quod
1122 3407 1288 3470 creaturae
1304 3422 1366 3470 non
1391 3403 1528 3472 habeant
1549 3407 1717 3492 pmpriam

212 3519 426 3606 operationem
449 3527 481 3586 et
505 3518 670 3608 [assere-re,
694 3517 792 3608 quod]
818 3518 913 3586 simul
930 3525 1024 3604 agant
1046 3537 1120 3586 cum
1144 3519 1208 3586 lteo
1229 3525 1394 3604 operante,
1418 3537 1532 3617 vertum
1548 3520 1631 3589 dixit
1655 3542 1718 3590 nec

211 3642 260 3702 est
282 3641 392 3702 munira
415 3652 481 3701 nos.
506 3635 572 3701 Non
595 3635 680 3702 enirn
703 3635 866 3722 ponimus,
891 3635 976 3721 quod
1001 3641 1065 3701 tota
1080 3633 1222 3720 operatio
1245 3632 1424 3702 intellectus
1448 3634 1488 3702 sit
1510 3654 1530 3709 a
1550 3635 1632 3717 Dec,
1656 3639 1718 3706 sed

211 3751 306 3818 etiam
331 3752 399 3838 ipsa
421 3751 528 3818 anima
549 3757 756 3837 cooperatur,
780 3758 816 3817 ut
839 3750 966 3843 saepius
990 3751 1110 3818 dictum
1133 3755 1190 3819 est.

300 3867 346 3934 ld
369 3869 421 3934 96.
445 3866 633 3946 dicendum,
656 3867 742 3954 quod
766 3866 854 3935 aliud
877 3874 925 3934 est
948 3866 980 3933 in
1003 3873 1116 3953 agente
1137 3866 1307 3950 inducente
1330 3865 1466 3933 sormam
1490 3867 1549 3936 sihi
1574 3868 1718 3937 similem

213 3984 242 4050 in
267 3983 387 4069 specie,
410 3982 498 4050 aliud
522 3988 570 4051 est
593 3983 633 4050 de
656 3983 758 4050 iorma
782 3982 992 4063 intentionali‚
1016 4001 1098 4070 quae
1121 3988 1170 4051 est
1193 3981 1314 4068 species
1337 3984 1389 4052 uel
1411 3983 1586 4051 similitudo
1609 3984 1718 4066 illiue,

212 4119 231 4166 a
253 4118 317 4184 quo
339 4107 509 4184 generatur·
520 4098 540 4162 ³.
565 4099 698 4183 Quando
723 4099 820 4184 igitur
843 4098 879 4165 ht
901 4099 1002 4165 iorrrra
1027 4098 1138 4167 similis
1162 4099 1192 4166 in
1216 4100 1338 4186 specie,
1361 4104 1486 4186 oportet
1516 4098 1601 4185 quod
1626 4099 1668 4166 sit
1693 4120 1715 4169 a

213 4214 306 4283 simili
331 4214 361 4281 in
385 4215 506 4300 specie;
537 4214 594 4281 sed
617 4214 745 4301 quando
776 4213 938 4282 inducitur
961 4214 1082 4300 species
1113 4214 1342 4296 intentionalis,
1365 4234 1428 4282 non
1458 4219 1598 4302 oportet,
1623 4218 1718 4302 quod

212 4350 325 4416 agens,
348 4349 413 4417 quo
435 4329 612 4409 inducitur,
636 4329 677 4397 sit
692 4329 795 4398 simile
819 4330 850 4397 in
874 4329 996 4417 specie,
1019 4330 1075 4397 sed
1092 4329 1222 4403 sufficit.
1246 4332 1332 4419 ‹puod
1350 4331 1420 4399 talis
1445 4330 1575 4399 intentio
1593 4330 1720 4400 educta

211 4445 461 4514 convenientiam
484 4443 625 4532 aliquam
649 4445 765 4513 haheat
787 4445 917 4513 unitatis
941 4462 1014 4513 curn
1039 4445 1109 4527 illo,
1134 4447 1174 4513 de
1197 4466 1261 4535 quo
1285 4447 1338 4525 ht;
1362 4447 1444 4516 sicut
1466 4453 1553 4534 patet
1581 4446 1624 4515 de
1648 4467 1722 4537 spe

211 4562 259 4629 cie
282 4561 414 4643 coloris,
437 4579 520 4648 quae
542 4562 732 4647 producitur
754 4561 786 4628 in
803 4561 909 4628 medio
931 4580 989 4648 pcr
1013 4562 1131 4644 lucem,
1155 4582 1237 4649 qliae
1252 4571 1300 4631 est
1322 4563 1455 4632 alterius
1477 4563 1591 4650 speciei
1616 4583 1721 4652 quam

212 4678 308 4746 color.
340 4678 409 4765 lpsa
432 4683 538 4745 hmen
569 4676 690 4764 species
720 4676 835 4746 coloris
867 4676 972 4764 ipsum
1004 4677 1143 4746 colorem
1174 4678 1335 4759 imitatur,
1368 4698 1429 4747 non
1461 4684 1566 4747 huten
1597 4686 1648 4748 est
1686 4680 1723 4750 in

302 4981 310 5015 ¹
330 4980 425 5047 Codex,
445 4982 509 5035 lalso
528 4980 617 5034 verbis
636 4981 805 5046 transposltls,
824 4978 880 5049 epil
899 4992 982 5049 pacm
1000 4980 1110 5048 water.

301 5080 313 5115 ²
333 5081 404 5135 Text
424 5082 466 5133 93.
487 5082 520 5147 (c.
540 5080 591 5149 3.),
611 5078 657 5134 ubi
675 5079 811 5145 distinguit
829 5086 887 5132 octo
906 5077 1014 5144 modos,
1034 5092 1148 5146 quorum
1167 5079 1295 5143 septimus
1313 5082 1368 5131 est:
1388 5078 1420 5130 Ut
1432 5079 1458 5130 ln
1472 5090 1535 5144 rege
1547 5078 1722 5133 Graecorum

211 5194 254 5233 res
272 5182 448 5246 Graecorum,
467 5186 494 5234 et
511 5181 618 5233 cumino
637 5177 812 5245 (gerreraliter)
832 5181 933 5229 nrotum
953 5177 978 5229 in
997 5178 1083 5243 prtum
1103 5177 1212 5229 urotho.

300 5279 312 5315 ³
330 5278 381 5335 Cir.
401 5292 481 5346 supra
501 5293 562 5346 pag.
587 5276 642 5345 tlt,
662 5282 722 5331 nota
742 5275 767 5330 l.
