3870 6488
221 339 232 401 1
244 337 281 401 16
710 352 861 411 ΟἱῖΛΕὸΤΙΟ
883 352 1054 401 neseunnra
1079 352 1222 400 SECUNDA

217 478 377 563 simplices
394 495 502 545 rerum
519 477 726 564 quiidditales3
742 477 825 545 alitis
840 484 887 545 est
905 477 1082 546 intellectus
1098 477 1304 545 concretivus
1316 477 1366 545 uel
1382 477 1636 565 eonapoeutom,
1660 480 1714 566 qui

218 593 362 679 intelligit
393 602 425 661 et
455 594 683 681 apprehendit,
706 612 773 661 rem
798 595 929 661 suliesse
954 594 1003 661 rel
1029 595 1130 662 inesse
1153 593 1214 661 sub
1246 593 1455 662 determinata
1479 595 1719 664 circumstantia

217 710 378 796 eriperis

304 825 334 891 Si
361 825 456 910 igitur
479 833 671 912 quaeratur,
696 831 804 893 trtrirm
829 826 869 894 ad
893 824 1101 912 cognitionem
1126 826 1171 894 rei
1195 826 1345 913 exigatur
1376 826 1555 895 necessarie
1580 826 1626 895 rei
1652 826 1720 895 exi·

216 939 348 1020 stentia;
372 940 566 1027 respondeo,
589 940 674 1027 qrrod
699 940 725 1009 si
752 940 920 1028 loquamur
943 941 984 1009 de
1009 941 1062 1009 illa
1084 942 1268 1028 operatione
1292 940 1342 1009 rel
1370 941 1411 1009 de
1434 941 1489 1010 illo
1511 942 1607 1012 modo
1630 943 1722 1013 intel-

216 1052 373 1137 ligendi¹,
405 1061 501 1142 prout
533 1073 585 1121 res
617 1055 802 1141 intelligitur
824 1074 894 1124 esse
916 1056 978 1123 und
1009 1056 1230 1123 determinate
1252 1056 1511 1124 eireunntuntiu
1539 1059 1720 1145 temporis,

214 1171 393 1237 neeessarie
428 1170 603 1257 requiritur
635 1172 804 1239 existentia
839 1172 883 1239 rei
919 1172 1096 1240 seeundum
1131 1172 1323 1259 exigentiam
1364 1164 1532 1259 temporis,
1568 1179 1605 1241 ut
1628 1174 1721 1241 intel-

216 1283 333 1369 ligatur
366 1304 436 1353 esse
470 1287 598 1372 parando
633 1295 698 1367 est,
731 1294 763 1355 et
784 1288 893 1354 lutino
916 1286 1045 1375 errando
1068 1286 1177 1354 initura
1199 1293 1266 1368 est,
1301 1293 1334 1354 et
1363 1286 1462 1355 luisse
1488 1289 1618 1375 quando
1639 1288 1720 1369 iuit;

214 1400 294 1468 alias
317 1401 495 1469 intellectus
518 1408 601 1469 esset
623 1402 740 1483 falsus,
763 1421 800 1471 ae
831 1420 888 1488 per
913 1402 973 1469 hoc
989 1420 1048 1469 nee
1071 1400 1258 1470 intellectus.
1282 1404 1370 1469 «arnt
1391 1402 1477 1470 enim
1501 1402 1661 1491 intelligit,
1684 1410 1721 1472 el

215 1524 263 1585 est
287 1535 418 1598 verurn;
441 1524 497 1584 aut
520 1519 545 1585 si
569 1537 631 1585 non
654 1528 703 1587 est
726 1536 856 1599 renim,
879 1537 941 1586 non
959 1517 1143 1605 intelligit»,
1160 1523 1196 1585 ut
1212 1518 1289 1586 dioit
1309 1518 1503 1605 angustinus
1524 1516 1721 1587 duodecimo

215 1652 313 1720 super
336 1633 522 1714 Genesim²‚
553 1643 584 1703 et
608 1642 726 1703 netum
758 1636 817 1704 luit
839 1634 870 1701 in
902 1634 1099 1722 opponendo.
1122 1634 1183 1702 Sed
1218 1634 1334 1702 veritas
1362 1632 1478 1721 sutori
1503 1632 1657 1703 tundatur
1684 1634 1720 1702 in

214 1766 320 1825 euersa,
344 1758 380 1816 ut
402 1749 478 1816 ilieit
502 1751 696 1836 angelelinus
728 1750 808 1817 libro
838 1750 1008 1818 undecimo
1031 1749 1280 1829 contentorum,
1311 1750 1367 1817 ubi
1394 1749 1486 1830 dicit,
1516 1748 1603 1836 quod
1634 1748 1719 1817 nintt

214 1864 342 1931 videtne
358 1864 416 1931 nisi
434 1882 594 1951 praesens.
616 1866 722 1932 «Cum
740 1883 816 1951 ergo
831 1864 932 1932 uideri
957 1865 1104 1933 dieantur
1127 1865 1250 1946 luitura,
1275 1882 1336 1932 non
1353 1864 1421 1951 ipsa
1444 1880 1605 1950 ettennon
1620 1872 1720 1948 sunt,

213 1978 269 2046 sed
294 1998 405 2046 ererum
431 1998 545 2049 earrsae
569 1981 618 2048 vel
636 1983 725 2068 signa
748 1982 914 2061 videntur,
939 2000 1020 2069 quae
1037 1982 1101 2050 iam
1124 1989 1214 2049 sunit:
1240 1982 1310 2049 ideo
1333 1999 1395 2050 non
1411 1981 1536 2061 lutura,
1550 1981 1607 2049 sed
1625 2000 1720 2068 prae·

213 2095 314 2162 sentia
335 2101 411 2162 sum
434 2096 496 2163 iam
521 2097 716 2178 videntibus,
738 2097 917 2185 exquibus
940 2097 1050 2166 lutura
1072 2098 1297 2186 praedicantur
1312 2097 1419 2165 animo
1441 2104 1606 2186 miiaepla,
1622 2100 1719 2169 verbi

214 2211 330 2293 gratia,
355 2211 479 2277 intueor
513 2230 681 2288 errrorem,
707 2212 851 2281 initiarum
875 2212 973 2281 solem
996 2214 1229 2299 praenuntio».
1253 2213 1376 2280 Veritas
1398 2219 1506 2281 eutem
1526 2214 1720 2299 praeeuntes

213 2325 366 2392 landatur
390 2344 487 2414 supter
510 2345 545 2394 re
568 2327 734 2394 initialiter
757 2327 921 2396 existente.
947 2328 1069 2395 Veritas
1089 2328 1267 2415 praeteriti
1288 2327 1442 2396 lirndatur
1457 2344 1557 2415 super
1575 2327 1719 2416 imagine

214 2442 264 2509 rel
288 2443 390 2529 speeie
408 2444 469 2525 rei,
486 2451 668 2512 rennuente
690 2444 776 2531 apud
801 2444 1010 2526 intellectum,
1026 2463 1100 2513 etam
1117 2446 1352 2532 comparatione
1373 2444 1415 2513 ad
1439 2462 1507 2513 rem
1531 2462 1615 2531 qnae
1636 2445 1719 2530 luit,

213 2560 269 2626 sed
295 2560 356 2625 iam
382 2578 444 2626 non
467 2568 525 2641 est,
547 2560 631 2627 siout
653 2560 771 2627 ibidem
795 2559 872 2627 dieit
894 2560 1123 2646 ltrgrtstirms³=
1154 2561 1317 2629 1Pueritia
1339 2578 1427 2643 mea,
1450 2579 1534 2649 neree
1555 2561 1619 2629 inm
1651 2580 1718 2632 non

213 2681 277 2756 est,
302 2675 333 2741 in
358 2682 500 2762 tetrrpore
524 2676 695 2762 praeterito
717 2684 782 2756 est,
805 2676 891 2763 quod
917 2676 979 2743 iam
997 2695 1059 2743 non
1082 2682 1147 2758 est,
1169 2676 1227 2744 sed
1243 2695 1316 2745 oum
1332 2694 1409 2745 eam
1427 2677 1533 2745 recolo
1553 2683 1586 2747 et
1601 2694 1718 2760 narro,

213 2789 381 2875 imaginem
398 2790 468 2857 eirrs
492 2790 522 2857 iu
540 2790 697 2877 praesenti
722 2798 864 2879 tempore
881 2792 1022 2873 intueor,
1046 2810 1128 2878 qtrae
1145 2791 1251 2859 adhue
1267 2798 1316 2860 est
1331 2791 1363 2858 in
1386 2790 1583 2861 memoria».
1600 2792 1718 2861 Utrum

212 2912 321 2971 autem
344 2923 453 2972 rerum
478 2907 673 2985 lutruarum,
697 2906 779 2974 eierat
794 2914 827 2974 et
842 2925 956 2975 causae
979 2907 1041 2974 iam
1065 2907 1248 2987 existentes,
1266 2906 1520 2995 praesentiantur
1543 2906 1719 2994 imagines,

214 3019 290 3087 dieit
313 3037 347 3087 se
370 3019 526 3103 ignorare.

302 3136 334 3203 Si
359 3154 434 3203 vero
459 3136 627 3223 loquanmr
651 3136 691 3204 de
715 3136 876 3204 intellectu
907 3146 1061 3224 quantum
1084 3137 1126 3205 ad
1156 3139 1373 3225 operationem
1400 3137 1488 3207 illam
1509 3136 1719 3225 simplicem,

213 3249 401 3317 redtsoletura
423 3260 453 3317 et
472 3270 616 3337 perenn,
640 3270 705 3338 qua
726 3252 938 3339 apprehendit
960 3260 992 3321 et
1015 3254 1150 3340 eoneipit
1181 3271 1290 3321 rerum
1314 3253 1508 3341 qtridditates
1531 3252 1718 3335 absolutas,

213 3367 258 3435 sie
281 3368 369 3447 dieo,
392 3367 478 3454 quod
501 3367 542 3434 ad
575 3368 666 3436 istius
698 3368 783 3435 enodi
807 3368 1015 3453 cognitionem
1039 3370 1085 3437 rei
1108 3370 1277 3437 existentia
1308 3388 1370 3437 non
1393 3368 1585 3459 requiritur,
1614 3368 1719 3437 immo

212 3483 290 3550 nillil
315 3484 388 3551 lam
410 3483 579 3550 existentia
603 3483 652 3551 vel
676 3483 918 3553 non-existentia
941 3485 997 3552 rei.
1029 3485 1127 3553 Citius
1149 3486 1231 3553 ratio
1254 3484 1284 3553 in
1314 3491 1404 3573 parte
1434 3491 1517 3554 taeta
1546 3490 1612 3565 est,
1644 3490 1719 3555 tum

212 3616 254 3666 ex
278 3606 368 3686 parte
391 3599 589 3688 peidditotis
613 3600 729 3688 ipsius,
755 3610 823 3668 tum
846 3620 887 3669 ex
912 3608 1002 3689 parte
1024 3601 1224 3681 intellectus,
1249 3609 1316 3670 tem
1340 3619 1383 3671 ex
1411 3608 1501 3689 perte
1522 3600 1645 3689 speciei
1666 3601 1718 3669 in·

213 3714 397 3803 nllipidiln.

302 3833 347 3899 Eu
371 3839 462 3920 parte
492 3832 702 3922 periclitantis,
726 3833 893 3922 qnoniam,
925 3839 962 3901 ut
985 3833 1060 3902 dicit
1091 3834 1247 3903 avicenna
1270 3833 1381 3921 quinto
1404 3831 1658 3923 lietaplipsieae⁴
1681 3839 1718 3903 el

214 3996 534 4007 ι--ι-ι--ι-ι-

212 4084 289 4137 tlreel.
320 4083 336 4136 Ι.
365 4098 391 4152 q.
420 4084 462 4137 85.
489 4098 513 4137 a.
533 4082 558 4136 5.
578 4083 662 4136 mima
682 4085 799 4149 operatio
823 4083 967 4138 intellimus
993 4090 1104 4138 nomem
1129 4085 1207 4139 edam
1234 4080 1437 4139 indivisibilium
1459 4078 1636 4151 intellipend'o
1661 4094 1715 4137 eeu

211 4182 327 4252 sirnplre
344 4182 535 4253 apprehensio,
557 4184 635 4236 altera
655 4181 809 4252 cmnpositio
827 4185 852 4236 el
869 4180 963 4237 dirisio
981 4197 1027 4235 seir
1055 4180 1186 4237 iudicium
1213 4184 1254 4237 rel
1283 4182 1465 4235 immediatum
1492 4181 1536 4235 sel
1562 4180 1714 4235 meduanum

212 4281 405 4349 (ratiocinium).
425 4280 576 4336 &erundum
595 4283 708 4347 primam
726 4283 905 4346 operationem
932 4281 1076 4334 lntelleetus
1102 4288 1213 4335 uocetur
1240 4278 1396 4351 sietplieiler
1418 4274 1639 4351 apprehendens,
1669 4292 1717 4333 ee·
1743 4286 1747 4295 “

211 4378 328 4431 mnndum
347 4378 453 4431 alteram
473 4391 633 4447 componens
651 4380 676 4432 et
693 4375 821 4431 deenen.
841 4378 940 4430 Nomen
959 4376 1127 4433 oeruretirns
1145 4392 1192 4431 serr
1211 4375 1479 4447 comperditus-inde
1497 4374 1603 4430 videtur
1626 4378 1717 4443 impo-

211 4481 304 4543 situm,
324 4480 385 4546 quala
405 4479 549 4531 intellectus
568 4479 616 4529 liae
634 4476 749 4530 monada
768 4477 920 4543 operatione
939 4490 990 4529 nen
1010 4476 1183 4543 apprehendit
1201 4490 1296 4542 puram
1313 4480 1340 4528 et
1358 4474 1456 4528 nudum
1469 4475 1507 4528 rel
1519 4472 1714 4543 qrtlddltalem,

211 4576 272 4644 seri,
290 4584 318 4631 ut
337 4576 398 4629 ‹lliett
417 4577 442 4629 S.
463 4577 580 4628 Tnernes
598 4575 614 4628 l.
633 4588 671 4641 e,
686 4573 866 4645 proprietates
884 4576 911 4628 et
926 4572 1075 4630 redelentia
1093 4576 1119 4628 et
1136 4571 1304 4628 temedium
1331 4570 1536 4629 wanemala
1558 4570 1603 4626 rei
1623 4584 1715 4629 essen

211 4675 284 4729 tium.
303 4703 340 4716 -
358 4676 379 4727 l)
397 4676 538 4729 conmotus
556 4672 599 4728 rel
616 4670 787 4742 compositas.

301 4773 309 4808 ¹
330 4772 395 4827 lide
406 4771 454 4828 illo
466 4770 546 4827 modo
560 4769 687 4842 loquendi
697 4769 740 4827 oei
751 4768 922 4840 iutellipendi.
936 4770 1002 4824 intra
1021 4784 1070 4837 pro
1088 4772 1120 4824 at
1137 4768 1305 4839 intellipolur
1323 4766 1422 4822 liciti
1438 4765 1511 4823 mna
1527 4764 1712 4837 intelligimur.

298 4870 392 4938 'Cap
413 4871 455 4924 25.
476 4885 500 4924 n.
520 4870 562 4924 52.
581 4870 667 4923 Locus
685 4883 799 4937 mouens
816 4873 856 4923 est
875 4868 918 4922 xt.
938 4866 1053 4924 Gentem.
1073 4884 1097 4923 e.
1117 4869 1158 4923 l8.
1178 4883 1203 4922 n,
1223 4866 1265 4921 ti.
1284 4894 1321 4908 -
1339 4866 1418 4921 Paulo
1430 4871 1491 4934 pust
1508 4864 1715 4936 lipreediortn-

211 4974 258 5027 lnr
275 4987 324 5038 pru
338 4967 544 5040 praedicentur.

298 5068 311 5106 ³
330 5068 394 5123 lbld.
414 5083 440 5121 n.
459 5068 502 5119 23.
520 5066 547 5118 ln
566 5067 685 5133 originali
704 5063 793 5120 ultlm'u
812 5064 894 5119 verbe
912 5065 1037 5132 leniuntur
1054 5064 1119 5137 qnia
1136 5067 1175 5121 etl
1192 5062 1291 5120 addae.

299 5166 311 5202 ⁴
328 5166 392 5233 Cap.
414 5168 448 5220 t:
467 5164 590 5218 Dimmus
608 5179 682 5232 ergo,
702 5164 775 5232 quaed
794 5171 902 5218 naturae
921 5167 1034 5219 nominis
1052 5178 1082 5218 ex
1102 5165 1152 5217 lroe
1169 5163 1242 5232 quod
1269 5170 1310 5217 est
1332 5163 1414 5215 liomo
1431 5158 1540 5227 nocido,
1558 5164 1589 5213 ut
1611 5158 1710 5217 hebent

210 5279 282 5331 ense,
301 5266 425 5332 ainamma
443 5279 474 5317 ex
495 5264 545 5316 line
563 5262 635 5331 quand
654 5262 734 5316 lrabet
750 5267 817 5331 esse,
837 5276 889 5315 non
909 5260 988 5318 nabet
1005 5276 1064 5316 esse
1082 5263 1170 5328 nomo,
1190 5275 1238 5315 nee
1256 5259 1356 5331 ellrpdd
1372 5263 1439 5328 elna,
1457 5272 1506 5313 nec
1517 5260 1619 5315 intrans
1635 5260 1663 5312 ln
1682 5260 1710 5313 il·
