3870 6488
785 818 833 866 rn.
858 816 1031 867 nusraenn.
1593 798 1654 866 189

152 944 330 1013 seeundum
354 944 510 1035 speciem,
534 945 684 1031 quoniam
711 945 849 1013 totaliter
871 952 947 1013 sum
971 944 1055 1012 intra
1078 961 1146 1012 rem
1169 950 1201 1012 et
1225 943 1311 1031 ipsae
1334 949 1364 1010 et
1388 943 1510 1031 species
1530 961 1654 1025 earum,

154 1069 189 1127 nt
211 1060 353 1142 ridetur,
377 1061 453 1148 qruia
475 1078 532 1148 per
557 1061 634 1128 nibil
660 1061 762 1128 ιιιιιιιΙ
787 1068 897 1129 extra:
922 1078 999 1147 ergo
1022 1078 1084 1128 non
1109 1066 1345 1147 cognoscuntur
1367 1057 1408 1126 ab
1431 1059 1603 1127 intellectu.

240 1178 271 1245 ι.
296 1178 390 1259 ltem,
414 1178 517 1245 omnis
541 1179 677 1264 cognitio
702 1177 736 1245 bt
760 1196 818 1266 per
841 1178 1101 1246 assimilationem
1125 1184 1158 1246 et
1180 1175 1450 1266 proportionem:
1474 1193 1551 1262 ergo
1578 1194 1653 1244 ιιιιιι

152 1292 330 1383 intellectus
345 1293 387 1361 ait
408 1294 550 1381 potentia
572 1294 702 1363 omnino
726 1294 903 1385 spiritualis
925 1301 957 1363 et
979 1294 1136 1383 simplex,
1163 1312 1226 1363 non
1256 1292 1385 1380 alligata
1406 1312 1526 1380 organo
1549 1310 1657 1381 corpo

152 1408 234 1492 rali,
257 1411 460 1480 manilestum
493 1421 561 1489 est,
594 1411 681 1500 quod
705 1430 768 1480 non
792 1412 953 1499 cognoscit
974 1410 1036 1479 nisi
1058 1429 1098 1479 ea
1119 1428 1202 1499 quae
1228 1417 1304 1478 snm
1338 1408 1538 1497 spiritualia,
1573 1409 1656 1478 sicut

152 1542 280 1616 sensus,
303 1528 358 1615 qui
382 1535 432 1597 est
454 1530 595 1618 polemio
617 1529 794 1617 corporalis
824 1535 856 1596 ιι
886 1527 1016 1614 alligata
1046 1526 1202 1615 corporali
1234 1544 1371 1613 organo,
1401 1544 1465 1592 non
1496 1523 1657 1611 cognoscit

152 1642 212 1711 nisi
236 1644 416 1732 mrporalia
439 1652 472 1713 et
494 1646 709 1734 corporalium
734 1663 844 1713 rerum
877 1646 1016 1714 turmas:
1046 1662 1137 1731 ergo,
1172 1660 1246 1712 cum
1279 1643 1399 1710 iormae
1431 1641 1657 1711 substantiales
1745 1732 1751 1743 ¹

151 1758 286 1828 istorum
309 1779 481 1849 corporum
505 1762 569 1830 sint
592 1763 774 1851 corporales
796 1771 828 1831 et
850 1781 912 1830 non
937 1760 1136 1851 spirituales,
1159 1759 1235 1848 quia
1258 1778 1316 1848 per
1339 1777 1394 1827 eas
1409 1757 1585 1827 formaliter
1602 1758 1656 1825 ba·

151 1873 228 1944 bent
250 1894 385 1966 corpora
416 1895 486 1951 esse
514 1897 664 1966 corpora,
698 1879 917 1959 manifestum,
952 1876 1039 1965 qriod
1063 1896 1125 1944 non
1161 1875 1262 1945 sunt·
1285 1875 1328 1943 ab
1352 1875 1515 1943 intellectu
1548 1874 1656 1961 aliquo

150 1993 246 2062 modo
268 1994 505 2081 cognoscibiles.

775 2228 1000 2297 nestoriano
1012 2250 1020 2295 ε

237 2446 432 2542 Dicendum,
455 2461 542 2549 quand
566 2461 745 2529 intellectus
768 2461 957 2529 coniunctus
979 2461 1075 2529 babet
1106 2460 1316 2547 cognitionem
1350 2459 1391 2528 de
1419 2457 1653 2547 quidditatibns
1705 2510 1708 2517 .

149 2581 183 2643 et
203 2574 315 2645 lormis
349 2577 612 2646 substantialibus
646 2595 766 2646 rernm.
791 2578 959 2664 Qnidditas
992 2578 1076 2645 enim
1108 2577 1363 2663 uniuscuiusque
1395 2577 1442 2644 rei
1465 2584 1515 2643 est
1550 2576 1654 2663 ipsius

148 2690 328 2761 intellectus
350 2691 510 2761 obiectum
534 2693 701 2781 proprium
714 2694 734 2760 ⁴.
759 2693 847 2763 Unde
871 2693 1049 2763 intellectus
1072 2692 1112 2761 ad
1136 2693 1207 2760 eius
1229 2692 1439 2779 cognitionem
1463 2692 1588 2775 attingit
1618 2699 1651 2760 et

147 2806 189 2875 de
212 2806 280 2894 ipsa
302 2807 441 2890 iudicat,
464 2809 594 2897 qruundn
615 2809 675 2876 sibi
699 2817 943 2897 praesentatur3
966 2809 1059 2877 aliter
1081 2809 1189 2876 anima
1223 2826 1286 2875 non
1321 2813 1405 2875 esset
1438 2806 1652 2894 cognoscitiva

148 2923 292 3015 omnium
316 2942 373 2992 nec
398 2923 530 2992 baberet
553 2926 593 2994 de
617 2925 715 2994 rebus
738 2925 902 2994 iudicium.

238 3036 351 3107 Modus
372 3046 479 3108 autem
503 3040 690 3109 deveniendi
716 3041 771 3109 in⁵
794 3040 1004 3128 cognitionem
1025 3039 1209 3108 huiusmodi
1232 3038 1448 3127 quidditatum
1479 3045 1511 3106 ιι
1538 3039 1653 3107 turma·

149 3170 221 3221 rum
245 3154 504 3223 substantialium
528 3156 580 3224 bie
602 3164 659 3225 est.
684 3156 763 3224 Cum
787 3157 871 3224 enim
895 3173 989 3224 omne
1012 3155 1158 3225 accidens
1180 3155 1359 3224 necessario
1386 3154 1503 3223 babeat
1524 3172 1595 3223 esse
1620 3157 1652 3222 in

148 3266 327 3338 substantia
349 3277 380 3339 ιι
402 3270 444 3339 ab
474 3271 542 3359 ipsa
564 3273 743 3341 necessario
770 3271 947 3360 dependeat
969 3280 1002 3340 et
1024 3280 1180 3361 quantum
1211 3271 1252 3340 ad
1275 3287 1345 3340 esse
1368 3278 1400 3340 et
1422 3278 1578 3360 quantum
1609 3273 1651 3339 ad

40 3392 46 3403 ·
147 3385 508 3476 operationem—quia
530 3388 613 3456 sicut
637 3407 698 3475 non
722 3388 818 3457 babet
840 3406 910 3457 esse
940 3389 1000 3456 nisi
1025 3388 1057 3456 in
1081 3387 1259 3456 substantia
1288 3396 1320 3455 et
1342 3404 1400 3474 per
1423 3388 1652 3470 substantiam,

148 3498 193 3568 ila
214 3518 273 3571 nee
295 3503 421 3591 operari
445 3541 490 3553 —
508 3504 712 3572 manifestum
735 3511 798 3585 est,
813 3504 899 3592 quod
924 3504 1013 3572 nulla
1028 3503 1131 3572 torma
1153 3503 1356 3572 accidentalis
1371 3510 1476 3591 potest
1497 3522 1651 3590 generare

146 3616 286 3704 speeiem
310 3635 402 3688 suam
427 3620 458 3688 in
482 3620 588 3689 medio
609 3620 677 3689 sine
701 3620 802 3688 torma
825 3604 1036 3689 substantiali.
1062 3620 1097 3688 m
1120 3620 1203 3688 sicut
1223 3615 1340 3707 forme
1362 3618 1567 3689 accidentalis
1586 3639 1649 3689 non

147 3730 245 3801 babet
266 3751 337 3815 esse
359 3735 428 3804 sine
451 3734 552 3805 torma
575 3736 793 3817 substantiali,
818 3737 860 3804 ita
876 3754 935 3804 nec
955 3736 1078 3825 specics
1094 3735 1214 3804 turmae
1230 3735 1433 3804 accidentalis
1455 3743 1651 3825 potestesse
1711 3750 1717 3763 ·

147 3846 216 3918 sine
239 3851 344 3939 specie
367 3852 487 3920 turmae
518 3852 752 3935 substantialis,
777 3853 875 3920 immo
899 3858 963 3919 tota
985 3869 1038 3920 res
1069 3851 1118 3920 ιιι
1142 3851 1320 3920 substantia
1349 3851 1540 3939 corporalis,
1567 3852 1650 3920 sicnt

146 3972 198 4034 est
217 3964 365 4060 investita
387 3966 498 4037 lormis
521 3968 785 4038 substantialibus
807 3975 838 4036 et
861 3967 1128 4051 accidentalibus,
1151 3968 1195 4036 ita
1217 3985 1259 4036 ex
1283 3985 1318 4036 se
1342 3974 1407 4035 tota
1430 3975 1560 4055 generat
1583 3986 1651 4055 spe

147 4080 228 4150 ciem
253 4082 284 4150 in
307 4082 431 4164 medio,
455 4084 499 4151 ita
520 4083 606 4171 qnod
631 4084 662 4153 in
694 4085 755 4154 isto
776 4087 851 4153 aere
875 4084 981 4153 medio
1003 4090 1078 4152 sunt
1100 4084 1222 4172 species
1245 4084 1312 4152 siue
1344 4082 1568 4152 similitudines
1589 4084 1651 4152 lor

146 4214 275 4278 marum
297 4197 554 4268 substantialium
578 4206 611 4268 ιι
631 4201 893 4282 accidentalium,
916 4218 975 4269 nec
998 4208 1073 4268 sunt
1095 4207 1152 4268 aut
1175 4208 1309 4287 possunt
1331 4217 1402 4268 esse
1425 4199 1649 4268 similitudines

145 4318 204 4381 aut
217 4312 339 4405 species
360 4313 539 4385 turmarum
554 4315 795 4384 accidentalium
813 4317 880 4384 sine
904 4295 1071 4404 speciebus
1086 4314 1352 4385 substantialium.
1377 4315 1557 4383 Substantia
1572 4330 1649 4401 orgo

112 4504 116 4509 ,
145 4428 322 4517 corporalis
344 4430 403 4500 bas
425 4431 547 4521 species
570 4432 627 4527 et·⁸
650 4430 874 4501 similitudines
896 4433 1001 4520 primo
1024 4432 1098 4502 iacit
1120 4451 1158 4501 ac
1180 4439 1311 4519 generat
1334 4432 1366 4501 in
1388 4431 1510 4513 medio;
1532 4429 1649 4500 deinde

145 4560 206 4632 per
228 4545 409 4614 continuam
433 4548 667 4634 generationem
691 4555 722 4615 et
746 4546 1041 4635 multiplicationem
1070 4546 1120 4616 sui
1143 4547 1224 4616 flunt
1246 4548 1279 4616 in
1309 4565 1429 4633 organo
1451 4564 1581 4627 sensus,
1603 4545 1648 4614 ita

144 4658 233 4749 quod
256 4668 392 4751 utraque
415 4663 550 4752 speeies
574 4663 717 4733 ιιιιιιιιἵ
741 4665 863 4733 turmae
886 4664 1104 4733 substantiatis
1127 4671 1159 4733 et
1181 4662 1398 4746 accidentalis,
1418 4663 1454 4732 ιιι
1470 4664 1500 4732 in
1518 4682 1648 4749 organo,

144 4781 179 4844 et
200 4783 275 4845 sunt
299 4775 331 4845 in
354 4777 428 4861 illo,
443 4779 500 4848 sed
523 4779 724 4848 differenter:
741 4780 893 4870 quoniam
915 4780 1037 4871 species
1052 4782 1172 4850 turmae
1194 4778 1410 4848 accidentalis
1425 4785 1555 4868 propter
1578 4797 1648 4866 pro

144 5000 465 5017 m.-

235 5125 244 5162 ¹
266 5128 286 5179 ιι
305 5131 377 5183 erunt.

233 5223 385 5294 tarsus,
403 5227 445 5281 vt
465 5227 545 5283 Ειιιιι.
562 5241 585 5283 e.
610 5230 639 5296 l,
658 5236 684 5285 ιι
703 5228 736 5283 de
754 5244 811 5298 seq.
830 5243 936 5297 propos.
956 5230 992 5283 ιιι.
1012 5228 1046 5283 de
1064 5229 1173 5291 Anima,
1193 5234 1253 5281 ιιιι.
1274 5226 1298 5281 t.
1319 5227 1343 5282 5.
1363 5242 1437 5298 seqq.
1458 5230 1491 5289 (c.
1512 5227 1556 5297 b).

234 5320 285 5377 ’A
303 5323 365 5379 siut.

236 5420 249 5457 ⁴
265 5419 318 5476 Cir.
336 5436 419 5491 snpra
438 5438 498 5492 pag.
519 5425 570 5479 tlt
588 5432 647 5481 uota
672 5427 693 5480 ι.

235 5517 247 5554 ⁵
265 5520 285 5571 ι
303 5518 348 5575 ud.

234 5614 247 5652 ⁸
265 5616 285 5669 u
302 5618 396 5675 omittit
413 5632 512 5690 spectra
530 5623 563 5675 ιι.

235 5713 248 5752 ⁷
264 5716 285 5770 ιι
302 5716 365 5784 aire,
386 5719 458 5788 quiunt
477 5722 570 5788 repetit
587 5724 646 5773 ante
664 5717 845 5777 occidentalis.
864 5720 920 5774 ,ιιοιι
939 5721 959 5773 Α
977 5717 1129 5791 differentes
1148 5735 1197 5786 prn
1215 5716 1375 5791 differenter.
