3870 6488
238 288 280 356 3⁹2
844 304 1122 355 nissnnrs'rro.

236 432 320 518 ‹prml
346 437 432 499 terra
455 429 588 496 risibilis
610 435 701 496 estet
718 428 796 509 lnx3
820 429 876 496 sed
901 438 1003 509 terra,
1028 431 1086 497 nisi
1112 431 1181 499 lnre
1204 431 1375 513 illustrata,
1400 432 1500 501 rideri
1525 452 1587 501 non
1613 440 1733 521 polest3

235 548 380 614 similiter
403 546 643 633 disciplinarum
667 546 861 632 spironensi
884 566 946 613 mm
969 556 1102 633 possent
1125 549 1285 635 nigriosri,
1320 549 1379 617 nisi
1403 549 1511 637 aliquo
1547 550 1635 617 vellit
1672 569 1732 619 sno

236 666 302 733 sole
325 665 535 744 illustrentur,
559 671 590 730 et
613 663 692 730 illnd
717 669 766 729 est
800 662 894 731 llens.
917 664 947 730 Si
971 682 1048 750 orgo
1072 664 1128 732 lnx
1153 666 1328 752 eorporalis
1351 684 1409 753 per
1431 668 1579 755 seipsam
1604 666 1732 735 ridetur

232 790 264 848 et
287 800 348 848 nrm
373 798 430 867 per
452 779 559 859 alind,
575 798 652 863 ergo
669 777 744 858 lux,
768 798 851 865 (pirae
875 786 925 846 est
943 780 1041 859 Dens,
1065 798 1123 867 per
1137 798 1172 848 se
1189 781 1288 868 ipsam
1307 782 1435 851 ridetnr
1449 790 1481 849 et
1497 802 1560 851 non
1575 782 1608 850 in
1623 781 1687 849 alio
1699 808 1731 850 o.

234 898 278 964 ‚ln
302 896 387 985 (prod
410 896 526 963 Dortor
550 892 777 979 irrolrapaliilis
799 895 842 963 im
865 895 1051 981 respondet:
1069 897 1292 977 «Direndmn,
1309 897 1394 985 quod
1412 898 1521 965 videri
1542 918 1577 963 se
1593 897 1665 985 ipso
1685 898 1731 965 di-

234 1014 317 1081 eitnr
340 1012 529 1099 dupliciter:
553 1008 692 1098 effleetiee
715 1017 745 1076 et
768 1009 998 1076 materialiter.
1024 1011 1197 1079 Dicendum
1222 1011 1329 1098 igitur,
1352 1013 1439 1099 rpmd
1464 1014 1520 1081 lnx
1555 1013 1651 1081 etiarn
1687 1014 1729 1081 ri·

233 1128 328 1197 detnr
351 1128 468 1215 seipsa
483 1134 515 1195 et
530 1144 587 1213 per
610 1144 644 1193 se
667 1126 766 1212 ipsam
790 1123 953 1213 effective,
976 1126 1051 1212 qnia
1074 1145 1136 1193 rion
1160 1134 1209 1195 ost
1231 1127 1294 1195 alia
1316 1146 1431 1209 sarisa,
1454 1146 1537 1215 quae
1565 1128 1665 1196 laeiat·
1684 1128 1728 1195 ln·

232 1263 300 1313 rem
326 1246 450 1324 ridere,
474 1244 533 1311 nisi
557 1244 635 1329 ipsa.
661 1243 712 1309 Est
736 1248 840 1309 taiiren
863 1241 969 1329 aliqua
993 1262 1100 1309 (farreo
1121 1243 1332 1325 mosterioli-r,
1361 1244 1392 1311 in
1426 1264 1491 1331 qua
1524 1245 1646 1313 seilicet
1669 1244 1726 1313 lux

232 1361 376 1440 ridetur,
399 1359 669 1447 quemadmodum
706 1357 735 1424 in
759 1360 832 1424 aire
855 1357 906 1425 rel
929 1357 1044 1427 eolore.
1081 1357 1167 1426 Unde
1191 1358 1318 1427 ridetur
1343 1359 1400 1427 lnx
1425 1360 1542 1447 seipsa
1564 1358 1726 1449 effective,

232 1496 292 1544 non
317 1485 421 1545 tanmn
446 1494 480 1544 se
497 1476 564 1563 ipsa
587 1473 820 1551 amterr'rdiler,
837 1474 897 1541 noe
912 1482 960 1541 est
977 1473 1012 1539 in
1026 1474 1162 1560 teipso,
1187 1474 1290 1543 idest
1314 1476 1344 1543 in
1369 1494 1428 1543 sna
1451 1475 1674 1563 spiritualitate
1696 1483 1728 1545 et

229 1593 427 1661 alrsolntione
457 1610 535 1659 snae
568 1598 719 1669 naturae,
754 1589 810 1657 sed
847 1588 877 1657 in
908 1588 988 1670 alio,
1012 1597 1048 1657 nt
1083 1592 1113 1658 in
1137 1592 1211 1658 aire
1247 1591 1297 1659 rel
1332 1592 1447 1660 etilore.
1480 1592 1595 1661 Eodem
1631 1592 1727 1661 modo

230 1709 288 1776 lnx
311 1715 439 1776 aeterna
463 1708 493 1775 in
517 1706 675 1795 praesenti
700 1705 827 1773 videtur
850 1726 885 1771 m
906 1705 997 1791 piso,
1021 1705 1077 1771 sod
1101 1725 1163 1773 non
1180 1705 1216 1772 in
1231 1727 1265 1773 ee
1281 1707 1378 1793 ipso,
1400 1708 1459 1775 sed
1482 1708 1518 1775 ia
1540 1716 1726 1785 ereatura,

228 1844 310 1911 iprae
344 1831 392 1892 est
426 1824 516 1911 epitasi
556 1822 696 1890 medinm
732 1820 895 1888 iirateriale
938 1821 1084 1889 deterens
1118 1822 1221 1908 ipsam
1258 1823 1360 1890 limem
1399 1824 1441 1891 ad
1480 1822 1676 1893 intellec-tum
1693 1854 1724 1891 ·.

317 1940 393 2007 llnie
424 1939 585 2006 doetrinae
621 1936 792 2005 Alexandri
827 1935 997 2004 eririeordat
1020 1936 1105 2022 quod
1137 1937 1213 2005 dicit
1247 1938 1277 2004 S.
1308 1938 1531 2009 Bonarentnra
1559 1939 1727 2023 disent.

227 2055 257 2121 d.
283 2056 313 2123 3.
337 2074 366 2143 p.
391 2054 425 2122 ll.
448 2075 478 2142 q.
503 2058 533 2122 t.
557 2054 597 2121 ad
620 2054 681 2137 Ιι.);
701 2052 934 2139 «Ciigrioseitnr
958 2052 1043 2119 item
1066 2071 1123 2140 per
1146 2054 1278 2123 olleetns
1294 2054 1435 2123 visibiles
1449 2062 1481 2123 et
1495 2072 1555 2141 por
1575 2055 1726 2123 snbstan-

226 2172 286 2238 tias
300 2172 481 2259 spirituales
498 2176 530 2237 et
542 2188 604 2256 per
620 2167 830 2255 desinentiam
852 2167 990 2234 laterinis
1005 2169 1220 2237 connaturalis
1235 2170 1393 2255 potentiae
1408 2170 1619 2257 rognoseenti,
1635 2171 1725 2259 quod

225 2296 273 2355 est
296 2286 470 2355 similitudo
493 2285 648 2373 quaedam
673 2284 743 2365 Dei,
766 2302 827 2351 non
850 2284 1028 2365 abstracta,
1052 2283 1109 2351 sed
1132 2283 1254 2365 inlusa,
1279 2281 1423 2371 inferior·
1450 2284 1546 2365 Deo,
1572 2285 1658 2376 poio
1687 2284 1727 2353 ia

225 2400 382 2490 irrferiori
402 2410 554 2479 reatina,
577 2401 660 2467 sient
682 2400 758 2467 rlieit
781 2400 974 2483 dirmislinus
990 2399 1147 2486 ».Nernpe
1170 2398 1301 2488 efferens
1324 2399 1379 2469 Dei
1394 2401 1426 2469 in
1444 2400 1591 2469 interiore
1606 2408 1727 2469 natum

222 2521 346 2587 arrimae
371 2517 522 2603 recipitur
556 2515 732 2583 seenndmn
756 2515 887 2583 modum
923 2514 1021 2582 hrains
1044 2514 1201 2583 interioris
1237 2523 1380 2584 rratnrae.
1417 2516 1504 2585 Unde
1539 2515 1726 2585 intellectus

223 2635 324 2702 llenm
349 2652 411 2701 non
436 2632 530 2703 videt,
554 2631 613 2698 nisi
640 2629 798 2697 mediante
822 2630 951 2717 speculo
974 2636 1005 2696 el
1028 2630 1059 2697 in
1082 2630 1270 2715 aenigmate.

312 2749 380 2836 lpse
403 2749 433 2813 S.
458 2748 679 2815 lionarentum
701 2746 887 2832 (tinniment.
912 2745 942 2812 in
968 2746 1049 2813 loan.
1072 2764 1099 2813 c.
1124 2748 1153 2811 d.
1180 2764 1209 2813 v.
1227 2748 1268 2813 dr)
1293 2746 1324 2813 in
1340 2746 1503 2833 Snpplem.
1519 2745 1638 2814 llonelli
1657 2754 1680 2815 t
1697 2746 1720 2815 l.

222 2865 280 2931 rol.
306 2863 394 2947 (583.)
419 2863 500 2929 liano
523 2861 700 2929 doctrinam
725 2861 805 2929 liene
828 2861 968 2927 illustrat
990 2860 1140 2948 oxernplo
1162 2866 1269 2929 sumto
1303 2861 1344 2928 alr
1367 2860 1574 2949 inspiratione
1605 2882 1723 2949 saper·

222 2977 398 3045 inerme-li:
427 2978 621 3064 «inspiratio
644 2976 776 3044 elleetns
799 2975 853 3041 Dei
877 2982 926 3043 est
950 2975 981 3042 in
1004 2976 1120 3056 arrima,
1143 2983 1176 3043 et
1198 2977 1284 3044 lirrnr.
1306 2976 1454 3045 elieotnm
1484 2982 1588 3062 potest
1610 2977 1719 3045 anima

223 3094 289 3180 ipsa
312 3094 344 3160 in
367 3110 401 3161 se
424 3110 622 3177 cognoscere,
646 3091 794 3178 pirannis
817 3110 879 3157 non
902 3090 995 3178 plene
1019 3098 1207 3173 annosam,
1230 3110 1250 3159 a
1271 3110 1337 3177 prro
1358 3090 1410 3159 sit.
1427 3090 1515 3160 Unde
1529 3090 1718 3171 dicendum,

219 3210 305 3297 prrod
329 3209 415 3276 illam
438 3208 677 3295 inspirationem
693 3214 725 3275 et
741 3206 826 3275 ridet
841 3214 873 3275 et
887 3206 994 3287 andit,
1016 3206 1074 3273 sed
1097 3214 1206 3275 tornea
1229 3226 1270 3274 ee
1285 3204 1346 3275 lior
1368 3207 1611 3297 trememtem,
1627 3208 1717 3299 qnod

220 3326 331 3393 rrdleol
355 3326 458 3391 Derim
471 3348 503 3389 n.
821 3378 826 3385 .

311 3440 400 3508 llreri
428 3439 615 3525 compendio
630 3439 733 3526 rapite
749 3458 825 3507 snae
840 3439 1003 3507 doetrinae
1026 3440 1056 3505 S.
1078 3439 1298 3507 Boriaventnra
1320 3440 1562 3527 comprehendit
1589 3439 1621 3509 in
1648 3442 1720 3511 Ser·

219 3574 312 3623 mone
335 3556 462 3623 anobis
476 3556 575 3624 edito:
605 3580 621 3615 a
637 3556 726 3641 Qnml
750 3562 858 3622 aretem
882 3555 1000 3622 iliritnr
1023 3554 1191 3641 (l'erlrnm)
1214 3556 1305 3622 ratio
1329 3556 1548 3643 iintellipendi,
1570 3574 1648 3625 sane
1673 3558 1720 3625 in-

219 3672 425 3759 telligendum
448 3679 514 3751 est,
536 3690 600 3739 non
622 3672 708 3759 qnod
732 3672 773 3739 sit
797 3670 989 3757 intelligendi
1014 3671 1096 3738 ratio
1117 3670 1206 3750 solo,
1241 3690 1300 3739 neo
1320 3672 1432 3752 trodo,
1463 3690 1522 3741 nee
1555 3680 1623 3739 toto
1638 3673 1659 3740 ¹.
1683 3674 1718 3741 Si

217 3790 300 3856 eriim
324 3796 408 3856 esset
431 3789 511 3855 ratio
533 3788 624 3866 eolre,
648 3807 711 3855 non
734 3787 877 3855 dillerret
899 3788 1036 3871 eoenitio
1059 3788 1241 3855 seientiaea
1256 3788 1432 3874 rognitione
1447 3788 1642 3875 sapientiae,
1657 3806 1719 3859 riee

217 3906 352 3989 reignitio
376 3905 406 3972 in
431 3904 536 3971 Verbo
557 3921 577 3970 a
600 3903 776 3989 rognitione
801 3903 831 3969 in
855 3902 985 3989 proprio
1008 3920 1132 3989 genere.
1158 3902 1290 3983 llnrsns,
1313 3903 1339 3971 si
1361 3910 1445 3971 esset
1460 3903 1541 3971 ratio
1561 3902 1659 3971 orum
1681 3912 1720 3973 et

216 4028 348 4107 aperta,
371 4038 433 4087 non
458 4020 601 4087 dillerret
623 4018 759 4103 eognitio
783 4017 852 4085 riae
874 4038 894 4084 a
916 4018 1092 4103 rognitione
1108 4019 1240 4105 patriae,
1263 4018 1349 4106 quod
1371 4018 1502 4106 orridem
1521 4018 1639 4087 salsum
1653 4028 1719 4101 est,

215 4154 288 4202 otim
314 4135 368 4201 illa
390 4136 431 4203 sit
454 4135 532 4202 lario
554 4135 595 4201 ad
620 4134 749 4213 laniem,
773 4133 851 4202 lraee
873 4140 980 4201 antem
1002 4154 1063 4220 per
1086 4134 1257 4222 epeealnm
1279 4144 1309 4203 et
1332 4136 1367 4203 in
1397 4136 1602 4225 (maminoto,
1635 4138 1719 4225 qnia

215 4260 360 4319 nostrnm
384 4251 559 4337 intelligere
582 4250 759 4319 seenndnm
783 4256 899 4317 statum
924 4251 993 4318 riae
1017 4269 1078 4317 non
1102 4259 1151 4319 est
1184 4251 1252 4320 sine
1283 4253 1514 4339 phantasmate.
1537 4253 1719 4339 Postremo,

215 4368 240 4434 si
264 4374 349 4435 esset
371 4367 453 4434 ratio
476 4375 560 4445 tote,
582 4385 645 4433 non
669 4367 886 4453 indigeremus
909 4366 1023 4453 speeiei
1040 4368 1219 4453 rereptione
1234 4368 1275 4435 ad
1291 4368 1524 4453 cognoscendas
1539 4386 1607 4451 ros;
1622 4372 1717 4457 quod

216 4482 379 4550 manifeste
403 4482 550 4549 ridemus
572 4498 642 4549 esse
665 4482 800 4563 lalsnm,
822 4482 898 4569 qma
919 4483 1099 4550 amittentes
1123 4501 1224 4550 irnnm
1248 4500 1377 4550 sensnm
1401 4500 1529 4553 neeesse
1552 4484 1717 4557 natenius
1795 4464 1808 4481 ⁰

213 4598 358 4665 amittere
381 4614 479 4664 uriam
503 4596 665 4664 seientiam
690 4598 827 4683 (aristot.
852 4598 871 4664 l.
897 4598 1012 4665 l'oster.
1037 4616 1063 4663 r.
1091 4598 1164 4681 lla).
1189 4597 1277 4667 Unde
1300 4598 1372 4667 lieet
1400 4599 1507 4669 anima
1528 4600 1715 4671 seeundum

213 4713 423 4799 trigrrstinnm
446 4729 591 4780 connexa
609 4713 651 4779 sit
674 4712 797 4799 legilms
819 4713 970 4793 aeternis,
993 4714 1070 4799 quia
1092 4712 1206 4801 oliptro
1228 4714 1326 4780 otrodo
1342 4713 1426 4781 dent
1448 4714 1557 4781 lenem
1572 4716 1714 4805 ettinpr't

211 4828 393 4895 serendam
415 4846 611 4914 eriperemnm
633 4829 739 4896 oriem
765 4829 943 4897 r’ntelleetne
965 4829 1111 4917 emeritis,
1135 4835 1167 4897 et
1190 4829 1388 4916 superiorein
1414 4830 1590 4917 portionem
1615 4832 1714 4901 ratio-

212 5000 327 5009 ·--——-
330 4999 584 5009 ——-——--

301 5093 309 5128 ¹
330 5096 471 5149 lladlmrns
488 5094 522 5147 nb
541 5096 701 5163 depraspmta
721 5096 831 5163 (operaest.
850 5098 893 5148 eit.
911 5094 1001 5161 llesp.)
1020 5104 1080 5161 apte
1098 5102 1123 5149 et
1135 5110 1166 5147 ex
1179 5100 1265 5147 morde
1284 5096 1308 5148 S.
1328 5096 1524 5150 llonmnntnme
1548 5096 1639 5151 addit:
1658 5112 1710 5153 nee

209 5190 331 5261 proprie,
352 5192 399 5247 sed
416 5192 613 5263 pnodmnrnodn
632 5192 775 5261 mon-otis.
