3870 6488
790 797 840 852 sn.
864 798 986 852 333333
1010 798 1144 852 3333331.
1648 779 1712 851 ate

215 922 328 993 eadem
353 922 468 1013 speeie.
494 923 530 994 Et
559 921 714 994 consimili
738 922 833 993 modo
866 931 915 994 331
944 924 1072 994 omnino
1106 926 1147 996 de
1169 925 1290 1014 specie,
1322 943 1404 1014 quae
1438 923 1526 994 11113
1559 920 1664 992 anima
1694 942 1713 992 a

216 1041 437 1127 phantasmate
460 1041 643 1110 mediante¹
669 1041 740 1110 luce
763 1041 941 1110 intellectus
964 1042 1095 1129 agentia.

303 1160 355 1224 a7.
380 1158 417 1226 Et
439 1176 497 1246 333
521 1159 580 1227 lroc
604 1163 690 1245 patet
711 1158 753 1226 ad
778 1157 831 1225 illa
870 1176 953 1248 quae
986 1166 1215 1246 consequenter
1238 1158 1440 1227 obiiciuntnr.
1475 1156 1553 1223 Nam
1585 1156 1713 1243 quando

214 1272 305 1354 dicit,
328 1273 413 1361 quod
438 1273 570 1343 31133133
600 1273 797 1343 demonstrat
831 1290 922 1341 suam
957 1272 1187 1355 3333333,1333
1221 1272 1572 1342 1313313331131313313
1598 1271 1713 1339 ellectu

214 1387 366 1469 3313333,
389 1387 472 1456 31331
495 1388 623 1476 quando
645 1388 766 1476 aliquid
790 1388 979 1476 producitur
1003 1387 1105 1457 331131
1129 1388 1224 1456 simili
1249 1388 1281 1456 in
1312 1387 1434 1476 specie3
1458 1404 1521 1454 non
1548 1393 1656 1454 autem
1681 1385 1713 1454 in

215 1503 329 1572 ellectu
352 1502 552 1593 aequivoco,
575 1503 657 1572 sicut
680 1521 754 1572 cum
789 1522 831 1571 en
866 1511 955 1571 motu
989 1510 1161 1591 generatur
1184 1502 1313 1586 33133’;
1335 1509 1459 1572 3333131
1480 1510 1602 1584 autem,
1626 1501 1712 1590 quod

214 1618 381 1706 productio
405 1619 519 1707 speciei
544 1619 750 1705 intelligibilis
773 1627 821 1688 est
844 1619 1037 1709 aequivoca,
1062 1620 1145 1689 31331
1167 1621 1199 1688 13
1223 1620 1330 1688 medio
1356 1619 1516 1687 mediante
1540 1618 1619 1687 1333.

305 1736 357 1802 18.
381 1734 530 1803 Similiter
554 1735 640 1821 quod
664 1742 774 1822 postea
797 1735 960 1817 obiicitur,
983 1735 1070 1822 quod
1095 1736 1273 1804 intellectus
1296 1753 1393 1822 agens
1409 1734 1484 1804 lacit
1505 1735 1626 1822 3333133
1642 1752 1712 1821 333

214 1848 409 1935 portionalas
432 1849 591 1937 possibili,
615 1850 855 1918 concedendum
878 1856 939 1932 est;
962 1858 994 1919 31
1017 1851 1146 1939 qnando
1166 1860 1281 1938 333133
1304 1852 1459 1931 33333311,
1483 1851 1569 1938 quod
1594 1841 1711 1919 intelle·

215 1972 286 2032 ctus
307 1983 405 2052 agens
428 1965 501 2035 13311
524 1965 645 2053 species
667 1966 762 2046 13133,
797 1966 901 2054 qualis
934 1967 1002 2053 ipse
1032 1972 1102 2048 est,
1136 1968 1212 2056 quia
1246 1967 1508 2055 unumquodque,
1532 1966 1626 2054 quale
1648 1973 1707 2047 331,

216 2081 290 2148 13113
312 2081 394 2168 agit,
417 2082 493 2168 quia
516 2100 613 2168 agens
635 2081 700 2168 agit
722 2081 782 2150 sibi
818 2082 935 2162 simile;
971 2084 1030 2152 1133
1054 2084 1150 2152 ineat
1173 2083 1337 2152 raritatem
1363 2085 1394 2151 in
1418 2082 1539 2151 actione
1563 2082 1708 2162 3313333,

218 2215 279 2263 333
304 2196 485 2284 aequivoce
510 2196 623 2266 Nullus
644 2202 693 2266 est
716 2197 819 2280 enim,
843 2198 897 2284 qui
922 2198 1023 2279 dicat,
1047 2199 1167 2287 species
1190 2199 1366 2268 abstractas
1389 2198 1421 2266 in
1443 2198 1559 2279 anima,
1581 2198 1709 2266 31133133

218 2313 377 2381 mediante
401 2312 562 2381 intellectu
585 2321 714 2398 333313,
738 2313 764 2381 31
788 2321 961 2401 poneretur
984 2333 1060 2402 pars
1081 2315 1217 2397 animae,
1239 2315 1383 2384 eiusdem
1404 2333 1473 2383 3333
1496 2313 1610 2402 speciei
1635 2331 1709 2382 curn

221 2428 384 2497 intellectu
405 2434 527 2515 agente.
551 2429 639 2498 Unde
662 2435 767 2516 patet,
789 2430 875 2518 quod
900 2430 979 2499 illud
1004 2436 1066 2499 non
1090 2429 1260 2500 concludit.

305 2544 349 2612 ld
375 2547 427 2612 29.
451 2543 645 2626 dicendum,
667 2544 753 2632 quod
778 2545 803 2614 si
827 2532 934 2614 anima
956 2564 1018 2614 non
1042 2548 1225 2615 conveniret
1248 2566 1321 2616 cum
1346 2546 1416 2615 luce
1440 2546 1544 2634 prima
1568 2544 1599 2612 in
1624 2544 1710 2613 inlel-

216 2658 418 2740 lectualitale‚
441 2678 504 2727 non
528 2667 634 2748 posset
656 2678 714 2747 333
739 2661 876 2748 speciem
901 2661 996 2729 talem
1027 2661 1220 2752 intelliger03
1244 2680 1329 2730 nunc
1352 2667 1474 2742 331333,
1503 2661 1589 2748 quod
1615 2660 1713 2746 possit

217 2774 408 2861 intelligere,
432 2777 493 2844 1333
517 2775 612 2845 1331331
634 2795 654 2843 3
676 2777 742 2844 Deo
764 2784 907 2857 creante;
923 2785 955 2845 et
969 2778 1048 2846 13333
1071 2777 1213 2864 operalio
1236 2796 1293 2864 per
1317 2777 1420 2845 lucem
1444 2783 1606 2844 aeternam
1630 2794 1712 2844 corn·

216 2890 341 2976 313133;
364 2891 446 2960 31331
468 2891 563 2960 otiam
588 2892 709 2980 3333133
732 2893 857 2961 innatae
880 2893 911 2960 in
936 2893 1096 2962 3333111333
1117 2892 1268 2981 angelicis
1293 2893 1429 2961 totaliter
1446 2899 1520 2961 3331
1542 2911 1562 2959 3
1584 2892 1664 2972 Deo,
1680 2899 1712 2961 et

219 3013 321 3075 133333
340 3007 416 3095 13313
432 3007 645 3076 mediantibus
662 3007 843 3095 intelligunt
858 3008 966 3094 lngeli
983 3008 1160 3078 secundum
1177 3010 1262 3077 istos.
1280 3047 1324 3058 -
1339 3009 1432 3087 11333,
1448 3007 1595 3095 quamvis
1610 3007 1713 3076 331313

216 3130 304 3190 ctum
328 3124 449 3191 lonnae
472 3123 620 3192 inductae
646 3123 783 3192 totaliter
805 3125 846 3191 313
869 3131 963 3192 extra
996 3143 1058 3192 non
1093 3125 1191 3212 333311
1215 3126 1247 3192 13
1274 3124 1488 3212 operationem
1513 3122 1708 3191 consimilem

216 3238 343 3324 agenti,
367 3237 495 3326 quando
518 3238 681 3308 inducitur
706 3239 737 3307 in
761 3246 908 3307 naturam
932 3239 1059 3327 3331133
1081 3240 1294 3327 (1133333333,
1315 3245 1418 3327 potest
1441 3245 1562 3320 133133,
1586 3238 1714 3325 quando

217 3353 379 3422 inducitur
405 3354 435 3422 in
458 3355 625 3423 materiam
650 3355 823 3424 consimilis
845 3355 1037 3442 operationis
1060 3355 1264 3423 naturaliter:
1288 3355 1370 3424 sicut
1404 3355 1429 3422 si
1457 3354 1571 3422 artilex
1607 3359 1713 3440 posset

215 3469 412 3538 consimilem
436 3471 573 3557 speciem
598 3471 713 3539 domus
736 3470 797 3552 illi,
819 3489 916 3558 quarn
940 3470 1036 3539 habet
1052 3471 1083 3539 in
1099 3479 1204 3540 mente
1227 3490 1300 3552 sua,
1324 3470 1449 3539 edicere
1465 3469 1496 3537 in
1514 3474 1618 3538 niente
1631 3487 1713 3550 3333,

216 3582 425 3669 intelligerent
455 3585 613 3653 mediante
636 3584 708 3665 illa;
732 3584 878 3653 similiter
902 3586 932 3653 in
957 3586 1126 3673 proposito.

304 3699 349 3766 ld
373 3699 426 3768 30.
449 3701 577 3788 quando
600 3701 685 3782 dicit,
708 3701 793 3788 quod
816 3702 1053 3789 proportionem
1075 3709 1199 3788 oportet
1221 3720 1291 3770 esse
1308 3703 1389 3770 inter
1405 3720 1503 3788 agens
1521 3709 1552 3770 et
1575 3701 1712 3789 patiens3

215 3813 401 3896 dicendum,
417 3815 503 3902 quod
520 3821 622 3903 331331
639 3816 719 3884 13133
735 3816 843 3898 aliqua
858 3835 927 3885 3333
944 3818 1106 3904 proportio
1124 3816 1172 3885 331
1189 3817 1453 3886 convenientiam
1478 3836 1593 3903 genere
1615 3816 1711 3895 33113,

216 3929 266 3996 331
290 3929 322 3997 13
345 3931 482 4017 quadam
508 3930 691 3999 imitatione
706 3931 756 3998 331
770 3932 941 4020 cacologia.
965 3933 1030 4002 Non
1053 3938 1178 4020 oportet
1200 3940 1307 4000 autem
1332 3933 1413 4000 inter
1429 3951 1526 4020 agens
1541 3939 1573 4000 31
1590 3932 1712 4019 patiens

214 4063 285 4114 esse
307 4047 542 4133 proportionem
566 4046 598 4115 in
622 4047 755 4114 33111313
779 4048 828 4116 331
852 4048 882 4114 13
907 4049 1041 4117 essentia
1067 4087 1110 4098 -
1138 4048 1254 4116 artilex
1288 4048 1392 4129 enim,
1415 4055 1450 4116 ut
1473 4049 1711 4136 carpentarius,

215 4180 278 4228 non
300 4162 448 4230 convenit
469 4162 501 4230 in
524 4162 718 4250 specierum
736 4162 841 4250 ligno,
865 4164 896 4231 in
912 4164 999 4251 quod
1014 4164 1089 4251 agit,
1105 4182 1162 4232 nec
1178 4182 1253 4232 cum
1268 4182 1361 4245 3333,
1384 4182 1481 4251 qnam
1506 4164 1653 4251 producit
1669 4203 1714 4214 -

215 4277 271 4345 scd
295 4276 422 4359 33113311,
445 4277 527 4346 13133
549 4296 646 4364 agens
662 4286 695 4346 31
710 4278 833 4366 33113333
855 4297 925 4347 3333
947 4278 1108 4367 quandam
1132 4278 1341 4368 3331331333,
1366 4279 1502 4359 licceat,
1527 4279 1611 4366 quod
1628 4278 1711 4347 sicut

216 4392 295 4461 illud
319 4399 428 4461 natum
451 4398 501 4461 est
522 4411 616 4480 agere
640 4394 672 4460 in
696 4394 796 4474 istud,
821 4395 863 4461 ita
887 4393 946 4462 1133
969 4394 1010 4463 311
1034 4402 1144 4465 natum
1168 4394 1209 4463 ab
1233 4394 1287 4462 illo
1304 4395 1384 4480 3311;
1400 4401 1433 4462 31
1448 4395 1492 4463 313
1515 4404 1563 4461 331
1587 4395 1618 4460 13
1642 4413 1712 4480 333

215 4509 326 4596 posito.
350 4508 509 4577 Possillilis
532 4509 615 4576 enirn
639 4529 659 4576 a
683 4510 752 4578 1333
775 4509 879 4597 331333
902 4517 996 4579 33133
1020 4516 1067 4579 331
1091 4509 1155 4598 3311
1191 4511 1367 4579 secundum
1405 4510 1536 4578 modum
1560 4509 1711 4596 33333133

215 4624 414 4711 expositum,
437 4632 470 4693 et
492 4625 550 4692 lux
578 4633 708 4694 aeterna
743 4633 816 4694 nata
845 4634 894 4694 cst
917 4627 948 4694 in
972 4627 1076 4713 ipsum
1101 4645 1206 4713 agere.
1230 4627 1280 4694 Sic
1304 4626 1401 4712 igitur
1425 4633 1525 4713 33131,
1550 4625 1710 4712 3331333313

214 4740 293 4808 13133
315 4740 457 4829 quinque
479 4741 619 4810 rationes
644 4741 774 4810 ultimae
808 4742 978 4828 sophistice
1013 4742 1224 4811 concludunt:
1249 4743 1384 4830 ideoque
1407 4762 1469 4809 non
1493 4748 1635 4828 3333131,
1661 4760 1711 4809 me

216 4864 346 4944 propter
368 4875 422 4925 333
444 4857 622 4944 opinionem
646 4858 842 4945 praedictam
865 4857 1025 4926 dimittere
1038 4857 1061 4924 ⁸.

304 5204 312 5239 ¹
333 5203 421 5258 Codex
439 5205 518 5258 lralrot
535 5204 695 5272 immediate,
716 5205 789 5274 quod
808 5220 883 5259 error·
901 5206 998 5260 lilrraril
1017 5221 1076 5260 3333
1095 5206 1206 5259 ridetur.

303 5303 315 5337 ²
335 5303 401 5355 Vldc
418 5305 537 5369 31313131,
557 5304 583 5356 ll.
604 5305 700 5357 Poscor.
719 5318 742 5357 3.
763 5303 803 5357 17.
824 5304 857 5365 lc.
880 5303 939 5370 tl).

302 5401 414 5454 ³Etiam
433 5402 472 5454 Fr.
491 5401 635 5456 Alexander
653 5401 686 5454 313
706 5403 873 5467 Alexandria,
893 5403 1005 5457 lilinlsver
1022 5404 1154 5457 Generalis
1172 5402 1277 5455 Ordinis
1304 5402 1431 5455 llinorurn
1451 5400 1491 5467 (†
1507 5399 1592 5464 13111
1612 5404 1710 5453 333133·

214 5501 276 5552 11333
295 5502 321 5552 S.
339 5501 536 5554 Bonavenlurao
556 5499 589 5553 de
607 5501 756 5554 immediata
775 5502 919 5555 irrtcllectus
940 5503 1048 5554 1333333331
1064 5501 1152 5553 3113133
1167 5501 1353 5553 illuminatione
1367 5501 1501 5566 protessus
1513 5503 1560 5551 est
1573 5498 1628 5550 1133
1642 5504 1712 5564 33131

215 5613 247 5650 en
266 5598 381 5666 quadarn
400 5599 526 5652 anecdota
547 5600 700 5666 quaestione
718 5599 848 5665 disputata
868 5605 957 5651 contra
977 5612 1095 5651 errorem
1105 5599 1236 5664 liuerrols,
1256 5599 1397 5664 irrscrlpla:
1421 5596 1534 5649 «Utrum
1553 5597 1639 5648 anlma
1659 5609 1710 5648 333

219 5697 376 5752 intellectiva
395 5698 427 5750 sit
445 5697 569 5764 perfectio
588 5697 706 5750 onmium
726 5698 879 5764 hominum,
899 5695 940 5750 331
959 5696 1048 5763 plures
1075 5696 1224 5764 plurium»,
1242 5709 1323 5764 quam
1342 5695 1553 5761 uanscmpslmus
1570 5707 1602 5746 er
1620 5691 1711 5747 codiee
