3870 6488
10 39 1376 333 m

1021 336 1029 347 1

994 348 1018 371 ΙΙ,

969 372 990 383 ΙΙ

805 817 852 865 ra.
876 816 1046 865 exstruam.
1626 799 1668 865 93
1754 788 1778 861 ’.

264 943 329 1012 hlia
352 930 546 1031 positio'luit
569 941 782 1022 darsrururxs,
798 949 834 1008 ut
857 941 994 1022 ridetur,
1010 942 1065 1030 qrri
1082 948 1179 1008 urtam
1195 942 1347 1009 rationem
1364 941 1571 1027 dignoscendi
1588 941 1671 1007 dixit
1740 1018 1750 1037 ·

175 1060 298 1128 causari
322 1066 354 1127 et
377 1059 485 1127 venire
500 1058 542 1125 ab
566 1057 705 1125 inleriori
718 1045 780 1124 ¹uia
803 1075 930 1138 sensus,
953 1057 1126 1125 memoriae
1148 1064 1180 1124 et
1202 1057 1417 1145 experientiae
1441 1075 1515 1125 curu
1550 1056 1671 1124 lumine

175 1175 312 1243 naturali
337 1174 436 1243 nostri
460 1173 641 1242 intellectus
662 1173 799 1260 agentis,
822 1172 1037 1240 abstrahentis
1071 1173 1192 1259 species
1219 1191 1239 1241 a
1265 1171 1542 1260 phantasmatibus
1569 1178 1604 1255 ,et
1630 1171 1672 1238 h-

176 1291 287 1360 cientis
301 1308 356 1360 eas
379 1290 555 1361 intellectas
570 1290 601 1357 in
617 1296 701 1358 actu.
720 1290 756 1358 Et
778 1289 850 1358 iden
866 1290 987 1376 posuit,
1003 1289 1107 1357 lucem
1123 1296 1285 1357 aeternam
1302 1308 1363 1357 non
1376 1307 1446 1357 esse
1461 1287 1672 1357 necessariam

175 1407 216 1476 ad
239 1406 450 1495 cognitionem
473 1406 747 1487 certitudinem,
771 1424 993 1494 necunquam
1021 1406 1061 1474 de
1084 1424 1122 1475 ea
1146 1406 1271 1475 loeutus
1294 1412 1351 1473 est
1377 1406 1412 1473 Et
1435 1405 1495 1474 ista
1517 1405 1588 1475 eius
1609 1404 1673 1490 opi·

177 1522 230 1590 nio
251 1528 386 1611 apparet
408 1522 440 1592 in
463 1523 605 1593 meando
627 1522 839 1591 Posteriorum
854 1522 876 1588 ¹.

266 1639 350 1707 hanc
372 1639 579 1727 positionem,
602 1638 677 1707 licet
698 1657 761 1706 non
784 1637 935 1720 omnino,
958 1644 1064 1706 huten
1088 1638 1219 1726 quidam
1247 1637 1508 1726 philosophantes
1537 1654 1673 1723 sequitan-

179 1760 232 1823 tur
254 1761 451 1836 asserentes,
473 1754 560 1843 quod
586 1754 643 1822 lux
660 1753 715 1821 illa
736 1760 785 1825 est
807 1753 964 1839 generalis
987 1771 1084 1821 causa
1106 1752 1338 1821 certitudinalis
1361 1752 1560 1840 cognitionis,
1584 1750 1673 1818 nullo

178 1871 273 1938 modo
296 1876 401 1939 minen
425 1887 495 1938 eam
519 1870 648 1958 attingi,
672 1887 729 1938 nee
744 1869 884 1956 aliquam
907 1868 977 1937 eius
1000 1868 1196 1937 influentiam
1221 1869 1390 1956 specialem
1416 1868 1447 1936 in
1471 1867 1608 1936 naturali
1625 1885 1683 1936 eo<

177 1985 315 2071 gnitione
338 2003 408 2055 esse
432 1966 663 2066 necessariam3
687 1985 768 2053 sed¹
797 1984 914 2054 srrlhcit
937 1985 1044 2053 lumen
1069 1985 1247 2053 intellectus
1269 1985 1391 2072 agentis
1412 2004 1485 2053 eum
1506 1984 1674 2073 speciebus

176 2109 209 2169 et
232 2120 342 2171 rerum
365 2101 628 2171 similitudinibus
650 2121 670 2169 a
693 2101 791 2171 rebus
818 2102 956 2189 acceptis
982 2108 1014 2169 et
1043 2101 1228 2178 abstractim
1259 2102 1337 2169 alias
1364 2107 1576 2171 evacuaretur
1603 2118 1674 2188 ope·

180 2218 261 2287 ratio
283 2225 428 2301 naturae,
451 2225 483 2287 et
506 2217 685 2287 intellectus
707 2225 815 2286 noster
838 2236 901 2285 non
925 2217 1115 2303 intelligeret
1142 2218 1202 2285 nisi
1230 2236 1288 2305 per
1312 2218 1480 2299 accidens,
1502 2224 1535 2285 et
1567 2224 1674 2283 nostra

177 2334 313 2421 cognitio
336 2352 398 2402 non
422 2342 507 2404 esset
529 2333 702 2416 naturalis,
726 2334 782 2403 sed
804 2333 1066 2421 supernaturalis.
1091 2333 1181 2418 Quod
1205 2340 1312 2402 autem
1340 2333 1416 2403 dicit
1443 2332 1674 2419 augustinus&

177 2468 236 2536 per
259 2450 346 2519 illam
371 2450 475 2519 lucem
499 2459 532 2519 et
554 2451 585 2519 iu
604 2450 664 2533 ³illa
687 2450 757 2519 luce
780 2450 887 2518 omnia
911 2450 1029 2532 rideri,
1053 2468 1116 2517 non
1138 2457 1186 2519 cst
1210 2450 1468 2537 intelligendum,
1484 2450 1570 2538 quod
1589 2448 1675 2516 intel·

179 2565 279 2635 lectus
301 2566 389 2635 illam
410 2566 515 2636 lucem
537 2567 646 2654 aliquo
668 2568 764 2635 modo
786 2568 933 2660 attingat,
956 2584 1060 2653 neque
1082 2566 1169 2653 quod
1193 2566 1251 2633 lux
1275 2566 1328 2634 illa
1351 2565 1472 2653 aliquid
1495 2564 1675 2653 specialiter

179 2680 305 2766 inlluat,
327 2682 383 2751 sed
408 2682 494 2770 quod
521 2683 606 2752 Deus
628 2689 778 2751 aeternus
803 2682 906 2751 lucem
929 2682 1021 2749 nobis
1042 2682 1287 2751 intellectualem
1316 2681 1505 2751 naturaliter
1539 2680 1674 2761 indidit,

178 2796 211 2865 in
234 2798 428 2886 quaomnia
450 2796 686 2886 cognoscibilia,
709 2815 791 2885 quae
814 2797 950 2866 subsunt
974 2797 1108 2879 rationi,
1131 2798 1320 2866 naturaliter
1342 2797 1562 2884 cognoscimus
1584 2802 1616 2863 et
1632 2786 1676 2862 vi·

178 2912 303 2983 demus.
667 2918 670 2923 '

267 3029 328 3099 Sed
352 3036 384 3099 et
407 3030 466 3098 ista
489 3029 602 3117 positio
625 3029 762 3097 multum
788 3029 915 3098 uidetur
929 3029 1083 3107 ‚delicere
1107 3029 1185 3098 Nam
1209 3029 1268 3099 etsi
1290 3029 1437 3097 adstruat
1464 3028 1548 3096 riam
1579 3026 1676 3095 scien·

178 3144 263 3227 tiae,
285 3144 415 3213 omuino
437 3144 575 3213 destruit
596 3145 680 3212 viam
696 3144 878 3231 sapientiae.
903 3146 1035 3214 Videtur
1057 3146 1153 3215 etiam
1176 3143 1314 3213 multum
1338 3144 1492 3231 derogare
1515 3141 1628 3209 rationi
1643 3149 1676 3209 et

177 3268 312 3329 naturae
335 3260 490 3347 imaginis.
514 3260 667 3328 creatura
688 3260 774 3327 enim
798 3261 961 3329 rationalis
982 3260 1043 3329 hoc
1065 3260 1152 3348 ipso,
1173 3260 1259 3348 qrrod
1283 3266 1331 3328 est
1353 3259 1394 3327 ad
1418 3257 1588 3345 imaginem
1609 3257 1676 3337 liei,

177 3375 356 3443 seeundum
380 3374 431 3442 sui
455 3392 644 3462 supremum
666 3375 804 3443 aeternis
828 3375 948 3461 regulis
970 3375 1170 3456 inhaerescit,
1193 3382 1229 3443 ut
1244 3374 1320 3443 dicit
1343 3374 1536 3461 trigusthms
1559 3373 1677 3441 duole

99 3524 102 3531 ·
178 3490 261 3560 cimo
280 3490 322 3559 de
344 3490 497 3560 Trinitate
509 3491 533 3555 ⁴.
556 3491 689 3560 Videtur
723 3492 930 3560 nihilominus
964 3498 1107 3561 euertere
1141 3498 1173 3559 et
1206 3490 1395 3559 subvertere
1425 3490 1531 3559 omnia
1566 3489 1676 3558 lunda-

174 3614 286 3698 ,menta
319 3606 403 3675 beati
437 3606 621 3693 Augustini,
655 3607 748 3677 cuius
781 3608 968 3676 autoritates
1001 3607 1091 3674 uulln
1126 3607 1220 3675 modo
1251 3614 1384 3695 possunt
1417 3607 1545 3694 exponi.
1584 3607 1675 3691 erod

178 3723 307 3794 videtur
328 3723 569 3805 inconveniens,
592 3743 666 3792 cum
690 3725 758 3813 ipse
781 3724 822 3817 sit
843 3725 961 3804 doctor
978 3724 1183 3812 praecipuus,
1206 3730 1238 3791 et
1257 3741 1353 3811 quem
1370 3723 1515 3791 doctores
1531 3723 1675 3791 catholici

178 3846 211 3907 et
234 3839 375 3907 maxime
398 3839 535 3927 theologi
559 3839 674 3910 debent
697 3840 797 3928 sequi.

268 3955 305 4024 lit
329 3953 399 4025 ideo
422 3955 506 4047 riam
530 3955 668 4025 mediam
690 3963 768 4043 puto
791 3955 859 4025 sine
881 3956 1077 4044 praeiudicio
1100 3973 1170 4025 esse
1201 3956 1380 4038 tenendam,
1411 3955 1556 4037 dicendo,
1589 3954 1675 4042 quod

179 4079 289 4141 nostra
311 4071 447 4159 cognitio
469 4079 620 4141 causatur
642 4078 674 4140 et
696 4073 738 4140 ab
761 4072 901 4141 interiori
925 4080 957 4141 et
979 4091 999 4140 a
1021 4072 1194 4160 superiori,
1217 4090 1236 4140 a
1266 4072 1365 4141 rebus
1400 4070 1616 4141 exterioribus
1645 4078 1677 4138 et

179 4188 276 4257 etiarn
298 4187 475 4257 rationibus
497 4187 663 4258 idealibus.
1692 4170 1697 4177 ¹

269 4304 314 4373 td
337 4304 430 4374 euius
452 4303 691 4392 intelligentiam
713 4305 889 4373 notandum
913 4311 975 4385 est,
998 4304 1083 4392 quod
1107 4304 1187 4372 nihil
1216 4305 1416 4391 cognoscitur
1447 4321 1504 4373 nee
1535 4303 1679 4389 intelligi·

180 4425 234 4488 tur
255 4420 316 4489 nisi
339 4436 466 4489 verum.
486 4419 609 4489 Veritas
630 4427 738 4489 autem
762 4420 880 4508 triplex
896 4428 944 4488 ost
960 4420 1010 4488 vel
1034 4420 1228 4508 tripliciter⁵,
1250 4426 1347 4506 prout
1369 4419 1530 4508 qrraelihet
1551 4436 1603 4486 ros
1626 4420 1679 4487 tri·

180 4533 304 4622 pliciter
326 4534 422 4604 habet
444 4552 535 4618 esse,
558 4536 705 4604 videlicet
727 4536 759 4604 in
782 4554 897 4623 genere
919 4536 1070 4623 proprio,
1093 4536 1125 4603 in
1149 4534 1309 4603 intellectu
1333 4542 1440 4603 creato
1462 4542 1495 4603 et
1514 4535 1546 4601 in
1570 4552 1679 4603 exem·

181 4650 263 4739 plari
284 4657 428 4733 aeterno,
451 4651 533 4721 sicut
549 4650 625 4721 dicit
640 4652 834 4739 Augustinus
857 4652 968 4741 qrrinto
991 4670 1089 4739 super
1110 4650 1255 4720 Genesim
1263 4652 1284 4733 ⁶,
1307 4659 1339 4720 et
1361 4652 1528 4721 hnsclmus
1549 4650 1579 4718 in
1598 4650 1679 4718 libro

269 4924 278 4961 ¹
298 4924 361 4993 Cap.
377 4926 418 4980 111.
431 4925 466 4994 (c.
489 4924 557 4992 t5.);
577 4924 624 4977 clr.
642 4924 720 4976 etlam
740 4922 757 4974 1.
777 4922 873 4976 l‘ostcr.
893 4936 916 4976 c.
937 4921 979 4977 tt.
993 4922 1026 4991 (c.
1050 4924 1099 4989 ts.)
1110 4939 1117 4989 ;
1136 4921 1174 4975 111.
1192 4921 1227 4976 do
1245 4923 1348 4988 dnlma,
1375 4926 1435 4975 text.
1463 4920 1505 4973 39.
1535 4921 1568 4987 (c.
1597 4918 1678 4985 t-s.);

180 5022 199 5077 1.
218 5024 333 5091 henou.
350 5038 374 5079 n
394 5024 419 5079 1.
437 5051 474 5064 -
491 5022 571 5077 Paulo
589 5029 648 5076 anm
667 5019 716 5075 BC
734 5027 907 5088 transponunt
925 5034 980 5076 non
999 5021 1110 5089 legendo
1127 5033 1183 5076 non
1201 5018 1299 5092 pontit.

269 5120 283 5159 2
301 5122 361 5177 Post
377 5119 426 5178 ted
442 5121 554 5189 supple:
573 5119 664 5174 dicunt
681 5118 762 5188 quod.

270 5218 284 5257 ⁸
301 5218 370 5275 Vide
386 5233 469 5288 supro
487 5234 514 5287 p.
533 5219 576 5272 91.
596 5218 640 5272 93.

270 5316 283 5355 ⁴
300 5316 336 5375 Gn
356 5359 363 5373 .
384 5319 409 5372 1.
495 5357 502 5369 .

270 5418 284 5455 ⁸
301 5418 321 5472 11
336 5332 359 5473 ἓ
377 5330 530 5484 legfflcl
546 5416 580 5468 ut
595 5412 714 5484 diplom,-
731 5413 753 5466 d
771 5420 811 5467 cst
828 5411 926 5467 dublae
945 5412 1069 5467 lectionis.
1088 5412 1175 5469 Lectio
1189 5413 1214 5465 in
1233 5418 1332 5467 mxtum
1352 5415 1457 5476 mocrito
1478 5408 1555 5462 uobis
1573 5410 1679 5462 clsacst

233 5516 353 5573 habilior.

182 5532 234 5586 ¹³³⁰
270 5616 284 5654 ⁶
301 5614 363 5682 con.
375 5615 417 5669 11.
427 5628 453 5669 n.
467 5615 511 5669 111.
523 5614 549 5668 S.
559 5616 670 5680 drigrxst.
684 5614 804 5666 hocloco
817 5612 903 5665 mirum
916 5612 949 5665 de
961 5609 1069 5665 duobus
1080 5608 1167 5663 modis
1178 5608 1282 5662 csmndi
1295 5606 1410 5671 cltsscrit,
1423 5607 1469 5673 cpd
1482 5612 1568 5659 urmcu
1582 5606 1680 5673 pracci-

182 5712 472 5783 consonantiarum,
487 5713 520 5768 de
533 5728 585 5783 qrru
599 5714 694 5777 agitur.
707 5739 743 5752 -
755 5712 912 5764 Sententiam
925 5710 952 5765 S.
964 5711 1079 5764 huselrui
1093 5708 1175 5763 habos
1188 5706 1252 5759 lulra
1263 5721 1288 5775 q.
1300 5707 1324 5758 1,
1335 5719 1391 5769 urg.
1406 5706 1426 5757 l.
1441 5718 1489 5770 pro
1502 5712 1575 5769 parte
1585 5704 1678 5755 nhlrrn.
