3870 6488
219 370 272 419 ΚΝ
853 362 1094 415 contutabimus.

297 494 343 557 til.
364 493 464 556 Tertio
493 491 561 555 loco
590 491 708 572 positae
735 496 806 553 sunit
834 487 971 570 quinque
1000 484 1193 564 Qrmeeticma
1227 485 1401 570 disputatae
1426 487 1481 552 Fr.
1506 484 1657 553 Matthaei
1680 486 1721 552 cb

216 601 425 685 Apumpcrtc.
447 600 503 663 llic
523 599 580 662 luit
600 597 755 662 socundus
776 612 815 660 ex
836 595 949 660 Ordine
969 594 1120 658 Minorem
1134 595 1244 658 Lector
1264 594 1344 657 sacri
1366 594 1483 658 Palatii.
1505 594 1623 659 Summi
1637 595 1721 659 enim

216 708 377 772 Pontifices
398 722 488 770 norae
512 706 658 769 scientiae
678 703 788 767 studiis
807 698 922 784 ubique
943 708 1094 765 terrarum
1116 702 1251 766 latorem
1276 708 1307 765 et
1327 700 1536 765 adiumentum
1561 708 1720 783 praestare

216 814 370 893 solebant;
393 830 524 896 quorum
546 811 720 893 exemplum
743 810 914 875 aemulatus
934 809 1127 873 Innocentius
1141 809 1188 873 lv.
1205 809 1236 871 in
1251 809 1318 889 ipsa
1332 808 1425 873 Curia
1437 808 1720 873 Ronlanastudium

215 923 356 1005 gencrale
378 922 514 986 instituit.
530 919 613 983 idern
627 920 676 983 l'r.
691 918 862 982 Matthaeus
877 916 908 979 in
921 915 1062 997 capitulo
1083 915 1216 998 generali
1231 916 1480 997 Montispesulani
1495 933 1543 981 an.
1559 921 1637 981 tatu
1658 916 1721 981 ele-

217 1039 285 1094 ctus
306 1037 352 1094 ost
371 1030 508 1094 Minister
529 1025 685 1091 Generalis
705 1024 827 1088 Ordinis
847 1023 1012 1102 Minorum,
1034 1022 1145 1087 deinde
1167 1038 1215 1086 an.
1238 1027 1317 1088 tutte
1337 1030 1460 1086 creatus
1481 1031 1527 1087 est
1547 1023 1719 1088 cardinalis

217 1146 246 1201 ct
260 1138 353 1219 paulo
367 1143 437 1218 post
451 1136 623 1216 Episcopus
637 1133 824 1207 Portuensis,
839 1131 1005 1213 multisque
1018 1130 1129 1194 deinde
1144 1129 1348 1211 legationibus
1368 1130 1499 1208 tanetus,
1520 1139 1659 1196 mortuus
1672 1139 1720 1196 est

218 1249 296 1309 lehi
319 1251 348 1307 rt
368 1241 507 1324 sepultus
527 1242 641 1305 Romae
662 1241 692 1303 in
715 1239 845 1303 ecelesia
867 1239 896 1303 S.
918 1238 1032 1301 Mariae
1053 1238 1091 1301 de
1112 1238 1262 1302 hraeocli.
1284 1238 1393 1316 Magna
1415 1238 1494 1300 hma
1515 1237 1674 1302 doctrinae
1690 1245 1720 1302 et

218 1347 409 1428 eloquentiae
430 1362 485 1408 suo
508 1352 644 1425 temporo
666 1342 778 1405 lloruit.
798 1341 927 1421 Scripsit
941 1342 1032 1421 plura
1053 1357 1163 1421 opera,
1177 1357 1309 1421 quorum
1330 1340 1447 1402 nullum
1463 1340 1546 1421 typis
1561 1339 1718 1420 uulgatum

217 1461 271 1518 est.
287 1452 465 1533 Complures
479 1452 588 1514 horum
604 1449 751 1512 librorum
774 1453 991 1510 enumerantur
1005 1447 1035 1509 in
1050 1446 1129 1510 libro
1143 1445 1391 1510 Firnramentnm
1406 1444 1504 1508 triam
1527 1444 1683 1508 Ordinem
1695 1448 1718 1520 ¹,

217 1568 247 1623 et
267 1577 285 1622 a
306 1560 488 1634 Trithemio,
510 1558 562 1638 qui
578 1556 617 1619 de
632 1556 699 1637 ipso
713 1555 805 1632 dicit,
825 1553 933 1636 «quod
953 1554 1011 1617 luit
1031 1554 1061 1616 in
1081 1554 1192 1616 divinis
1212 1554 1379 1634 Scripturis
1401 1554 1625 1617 emditissimus
1643 1562 1673 1618 et
1688 1554 1718 1617 iu

217 1664 367 1729 saeculari
389 1664 583 1745 philosophia
605 1664 690 1726 iuxta
712 1677 829 1725 morem
845 1661 937 1723 hunius
959 1661 1105 1741 temporis
1126 1661 1285 1742 ntagnilloe
1306 1660 1424 1724 doctus.
1439 1660 1617 1742 Composuit
1637 1661 1719 1742 inge·

217 1773 260 1836 nii
280 1772 457 1835 excellentis
477 1771 636 1852 praeclara
657 1768 822 1850 opuscula,
852 1768 964 1851 quibus
988 1784 1098 1831 nomen
1127 1785 1216 1831 suum
1239 1768 1327 1845 longe
1357 1767 1477 1848 lateque
1506 1769 1674 1832 notillcarit
1689 1794 1717 1832 ι.

216 1879 398 1942 accuratius
419 1885 616 1941 recensentur
636 1878 750 1958 scripta
765 1877 831 1940 eius
845 1892 863 1939 a
877 1874 1021 1940 Sbaralea
1044 1876 1219 1958 (Supplem.
1240 1877 1279 1939 ad
1295 1875 1490 1958 Scriptores).
1506 1877 1580 1940 Sunt
1603 1885 1715 1942 alutem:

296 1987 426 2051 Postilla
447 2004 540 2069 saper
560 1985 632 2060 lob,
662 1986 827 2066 incipiens:
854 1985 963 2047 «llaec
983 1982 1089 2048 omnic
1112 1983 1190 2047 liber
1210 1983 1290 2047 m'tce
1316 1994 1344 2046 ct
1375 1993 1587 2049 testamento-m
1619 1984 1719 2049 Altis·

214 2092 335 2156 tinniet
356 2091 473 2175 aperitio
493 2091 682 2169 veritat-ir»,
704 2108 784 2174 quae
813 2091 981 2171 antiquitas
1010 2092 1063 2154 tuit
1085 2091 1191 2154 Assisii
1221 2092 1250 2155 in
1280 2091 1467 2156 bibliotheca
1488 2101 1657 2157 corrnentus
1685 2094 1716 2158 S.

215 2200 380 2264 Francisci.

294 2305 425 2369 Postilla
444 2324 539 2390 saper
567 2305 777 2382 Psctteriam;
805 2308 927 2390 incipit:
956 2334 970 2361 ι
984 2305 1085 2371 b'elr'tc
1114 2304 1269 2371 inebriari
1287 2307 1381 2383 vino,
1410 2308 1446 2372 irc
1467 2329 1526 2393 qao
1555 2317 1598 2373 est
1620 2309 1717 2373 tunm

214 2412 265 2477 rio
281 2438 314 2488 »,·
336 2421 381 2477 cst
403 2415 602 2495 incompleta,
625 2430 792 2478 excurrens
814 2431 911 2496 usque
939 2415 976 2479 ad
999 2414 1151 2477 Psalmnm
1171 2415 1209 2492 L,
1231 2413 1377 2479 Miserere
1406 2415 1469 2478 mei
1497 2419 1597 2489 Dera,
1626 2424 1656 2478 ct
1685 2418 1719 2479 u-

215 2522 319 2585 niens:
346 2520 554 2604 «acceptabile
572 2540 766 2605 praeperans
788 2521 999 2586 holocaustum
1014 2548 1042 2586 ι.
1063 2554 1104 2570 -
1124 2523 1220 2586 liutius
1243 2524 1345 2604 operis
1366 2524 1590 2605 autographum
1612 2524 1717 2588 adltuc

215 2635 314 2691 exstat
337 2629 444 2692 assisii
466 2628 626 2692 incudem
648 2629 848 2706 bibliotheca,
870 2630 946 2711 sign.
967 2633 1037 2694 art.

294 2735 440 2799 Poetttlae
460 2754 554 2817 erepcr
566 2734 727 2799 duodeci-m
749 2735 939 2819 Prophetae,
954 2735 1133 2811 baeticam,
1155 2736 1343 2803 Meliboeam
1357 2747 1385 2801 ct
1406 2738 1645 2822 Apocalypsim,
1660 2742 1717 2805 sed

215 2842 408 2922 incompleta.

294 2951 366 3013 ltcm
389 2950 419 3012 in
440 2949 613 3032 Epictetum
634 2950 676 3014 cd
696 2952 859 3016 Montanae.

294 3056 454 3119 Scrmcrm
473 3055 673 3121 dominicales
694 3065 724 3122 et
743 3057 887 3140 soriche·
901 3059 1063 3140 incipiunt:
1085 3060 1157 3124 Noc
1178 3061 1336 3141 auferetur
1356 3070 1509 3144 sceptrum
1529 3062 1566 3126 dc
1587 3063 1667 3129 luda
1687 3076 1718 3129 et

213 3162 280 3228 dem
300 3161 336 3226 dc
356 3165 470 3245 sentem
485 3163 550 3228 eius
572 3172 629 3229 etc.

293 3273 318 3333 h
339 3271 480 3353 pluribus
501 3273 529 3336 ci
550 3273 777 3337 attribuuntur:
799 3273 919 3339 indices
939 3273 974 3338 ia
997 3274 1092 3339 libros
1113 3276 1341 3341 Senmatic-rum
1362 3278 1391 3342 S.
1413 3280 1661 3345 Boacvmtnrae.

294 3378 422 3459 Scripsit
443 3380 533 3442 etiam
551 3379 812 3446 Commmmrium
834 3380 868 3444 ia
891 3380 1007 3447 librerm
1021 3382 1257 3448 Sententiarum.
1278 3387 1509 3467 autographum
1526 3388 1618 3451 huius
1638 3406 1715 3470 ope-

213 3486 256 3548 ris
279 3485 308 3548 in
329 3487 349 3549 l.
372 3486 452 3550 Sont.
475 3487 577 3551 adhuc
599 3494 698 3551 exstat
727 3487 871 3562 Tuderti,
894 3489 1032 3555 biblioth.
1053 3491 1083 3554 S.
1105 3492 1272 3567 Fortunati,
1293 3493 1369 3572 sign.
1391 3494 1482 3558 Μ’.
1506 3496 1535 3558 ln
1557 3502 1645 3577 parte
1667 3497 1716 3560 in-

214 3593 324 3656 teriore
346 3593 435 3673 primi
457 3593 537 3669 lolli,
560 3600 731 3676 tegumento
753 3612 833 3659 nuno
855 3596 954 3672 albai,
968 3597 1016 3660 bis
1030 3597 1140 3678 legitur
1152 3616 1251 3662 rauna
1265 3618 1341 3672 som,
1357 3608 1390 3663 ut
1405 3601 1523 3681 primus
1537 3602 1716 3668 observarit

213 3698 251 3763 cl.
272 3700 304 3764 P.
327 3700 419 3763 Ehrle
440 3700 469 3764 S.
490 3701 512 3763 l.
534 3701 718 3782 (Zeitschrilt
738 3702 787 3765 fiir
807 3702 894 3767 Kath.
915 3704 1019 3767 l'beol.
1040 3704 1209 3769 lunsbruclt
1231 3710 1319 3771 teas.
1341 3707 1361 3769 l.
1384 3725 1453 3789 pag.
1476 3709 1537 3791 26).
1554 3710 1715 3790 Scriptura

213 3813 259 3869 cst
279 3808 417 3885 cursina,
440 3806 520 3870 lectu
542 3808 734 3885 difficillima,
756 3816 786 3872 et
806 3809 868 3872 iere
890 3810 997 3873 similis
1025 3812 1196 3892 scripturae
1217 3812 1246 3875 S.
1267 3814 1417 3890 Momae,
1438 3816 1527 3879 cuius
1549 3817 1715 3895 imaginem

212 3912 382 3993 prtrblieanit
403 3916 440 3978 el.
461 3914 576 3978 Uecelli
599 3916 629 3978 in
650 3917 814 3980 rtorissima
835 3910 889 3980 saa
913 3918 1044 3983 editione
1066 3919 1209 3983 Summae
1229 3930 1336 3984 corrtrc
1364 3923 1479 3987 Genetes.
1511 3925 1579 4005 lpse
1610 3931 1714 3989 autem

213 4020 311 4083 codex
331 4010 398 4084 ‘suis
421 4022 678 4103 proprietatibus,
699 4024 814 4099 lituris,
836 4025 1042 4090 additionibus
1063 4027 1220 4091 manifeste
1234 4029 1408 4105 confirmat,
1431 4031 1533 4111 ipsunt
1548 4048 1615 4094 esse
1630 4040 1714 4097 auto

212 4127 373 4208 graphum.
387 4162 428 4175 -
442 4130 515 4192 ltcrn
536 4128 652 4193 Aradii
665 4132 695 4194 in
712 4132 771 4194 iam
793 4132 916 4197 laudata
937 4132 1076 4198 biblioth.
1092 4141 1137 4197 ost
1152 4137 1375 4217 autographum
1397 4139 1533 4202 eiusdem
1556 4140 1713 4203 Commen-

213 4235 281 4298 tarii
312 4235 341 4296 in
363 4236 396 4300 M.
419 4237 521 4313 Scut,
543 4237 582 4300 ab
611 4239 737 4321 antiqua
766 4256 858 4304 manu
880 4239 1077 4322 inscriptum:
1105 4242 1291 4307 «Secundus
1319 4245 1420 4308 iratris
1440 4247 1582 4312 Matthaei
1611 4248 1714 4313 cardi-

213 4342 290 4405 nalis
310 4360 380 4405 cum
402 4352 490 4424 parte
511 4345 651 4426 quarti».

292 4449 351 4512 Sed
374 4450 450 4513 inter
477 4452 579 4516 omnia
606 4453 655 4517 Fr.
683 4454 827 4518 Matthaei
856 4472 950 4537 opera
978 4457 1112 4521 eminent
1141 4458 1334 4535 Marsicam
1360 4460 1549 4544 disputatae,
1579 4481 1711 4545 quarum

211 4556 376 4619 unianimam
397 4565 516 4637 partem
538 4559 645 4623 habuit
660 4561 689 4623 in
711 4561 801 4626 Curia
817 4563 968 4644 llomana3
983 4564 1058 4629 alias
1079 4582 1150 4629 roro
1165 4568 1326 4633 Bononiae.
1347 4569 1577 4653 integraphum
1600 4573 1710 4637 harum

210 4660 426 4735 Ortacstionum
448 4673 547 4729 exstat
567 4665 684 4729 Asshr'i
703 4668 732 4731 in
755 4668 893 4735 biblioth.
916 4678 1083 4735 conventus
1096 4671 1126 4737 S.
1147 4674 1319 4750 Frondem,
1340 4676 1424 4757 quod
1438 4679 1545 4741 cadem
1566 4696 1658 4744 nnana
1680 4689 1711 4745 et

211 4770 363 4850 scriptura
386 4773 507 4836 cursiva
535 4782 694 4838 exaratum
715 4785 777 4852 est,
804 4784 839 4840 ut
864 4778 1106 4843 Commentarius
1134 4782 1164 4844 in
1192 4781 1371 4848 Sententiae.
1397 4785 1500 4850 Codex
1528 4806 1588 4851 non
1616 4789 1710 4854 habet

211 4893 388 4956 turrinorum,
410 4879 463 4943 sed
486 4881 663 4946 inscribitur
676 4890 810 4948 tantum:
835 4895 1045 4969 «Aquaspart.
1060 4888 1232 4963 Quaestion.
1255 4891 1403 4972 Disputat.
1419 4919 1447 4958 ι.
1462 4895 1560 4977 Super
1574 4899 1709 4980 singulas

299 5220 306 5255 ¹
327 5222 401 5275 l‘artc
421 5223 438 5277 l.
458 5224 501 5276 iol.
522 5223 563 5278 tl.
583 5239 603 5279 r.

300 5317 380 5374 ²Cir.
401 5320 546 5375 lrtvcntnrio
566 5338 627 5391 prag.
648 5323 689 5377 lti.
