3870 6488
753 752 1060 802 nissnnrxrte..
1622 741 1640 804 3

143 866 223 938 inter
245 879 278 939 el
309 871 503 960 intelligibile
528 895 640 943 nexus.
670 876 850 944 Secuudum
874 885 922 945 cst
945 878 1065 965 triplam
1089 899 1205 945 rerum
1228 880 1422 959 eumenem,
1454 878 1573 949 scilicet
1606 881 1643 947 iu

144 987 288 1054 exuperia
322 989 388 1055 sire
424 990 453 1056 iu
491 991 619 1077 proprie
647 1011 779 1077 genere,
814 1013 877 1079 qua
910 1012 961 1060 res
994 1003 1069 1061 suut
1101 996 1194 1061 ruodo
1228 1004 1391 1077 crerierelo,
1428 996 1581 1082 singulari
1612 1004 1643 1064 et

144 1104 360 1190 crontiugentm
396 1105 431 1171 in
462 1106 676 1193 irrtellipeutiu
707 1119 841 1188 creole,
876 1128 941 1195 qua
970 1117 1045 1177 sunt
1076 1111 1171 1177 riuulo
1197 1111 1374 1192 abstracto,
1407 1112 1581 1181 uniuersali
1612 1120 1644 1179 et

145 1216 256 1293 ideali;
280 1220 316 1285 iu
338 1220 451 1289 diuino
474 1222 658 1308 eueircpluri
688 1224 754 1291 sire
779 1224 808 1291 iu
834 1224 1010 1292 ratiuuilms
1033 1225 1184 1306 aeternis,
1208 1232 1239 1294 et
1267 1226 1308 1293 ini
1345 1235 1419 1294 sunt
1447 1227 1541 1295 medo
1572 1226 1644 1294 sim-

144 1333 330 1420 plicissimo,
355 1336 493 1404 increato
516 1343 552 1405 et
570 1338 702 1405 iussuile.

233 1451 413 1519 Sumndum
432 1453 512 1520 lianc.
529 1453 684 1540 triplicem
701 1462 733 1522 et
749 1454 927 1523 distinctam
946 1474 1053 1523 rerum
1070 1456 1272 1523 existentiam
1288 1457 1317 1521 S.
1331 1457 1553 1524 llenarentura
1569 1474 1643 1523 cum

143 1562 214 1631 aliis
238 1573 303 1634 tres
327 1567 357 1633 iu
382 1574 487 1636 mente
510 1569 650 1636 liumana
674 1570 761 1657 pomt
782 1578 929 1656 aspectus
953 1570 1160 1657 principales:
1193 1573 1309 1639 «Unus
1332 1573 1442 1640 estad
1466 1570 1644 1657 corporalia

144 1681 320 1763 exteriora,
343 1684 519 1751 secundum
542 1704 637 1771 quem
663 1692 794 1753 roratur
817 1686 996 1753 aniumlitas
1026 1706 1084 1754 seu
1119 1687 1322 1769 sensualitas3
1345 1687 1428 1753 alius
1452 1687 1533 1753 intra
1556 1704 1591 1752 se
1613 1693 1644 1752 et

146 1796 176 1862 iu
201 1817 252 1877 se,
276 1798 452 1867 seeundum
477 1820 573 1886 quem
589 1800 713 1868 ¹dicitur
744 1801 893 1887 spiritus;
924 1801 1036 1869 tertius
1067 1810 1235 1888 estsuper
1259 1821 1310 1882 se,
1340 1802 1516 1870 seeundum
1548 1818 1658 1888 errem,

146 1911 263 1979 dieitur
287 1932 418 1982 meus».
445 1915 503 1982 llas
526 1915 742 1984 distinctiones
765 1916 1019 2002 generalissimas
1042 1917 1232 2004 Seraplricus
1255 1917 1386 1984 adlriliet
1412 1917 1453 1984 ad
1487 1915 1645 2002 explican-

146 2028 219 2094 dam
243 2046 335 2096 suam
352 2031 537 2098 sententiam
563 2032 603 2100 de
627 2033 780 2117 gradibus
798 2033 942 2101 mentalis
965 2032 1156 2101 assensionis
1174 2033 1204 2100 in
1228 2033 1344 2112 Deum;
1362 2032 1417 2100 sed
1441 2032 1531 2099 laeile
1548 2030 1645 2098 verim

149 2143 247 2228 ipsius
262 2144 414 2232 applicari
441 2154 572 2232 possunt
588 2148 628 2214 ad
646 2149 798 2216 rationem
828 2149 986 2216 lrumanae
1013 2149 1198 2234 cognitionis
1226 2148 1365 2216 breviter
1389 2146 1641 2214 clesrriliendmn.

148 2259 227 2327 [licit
244 2260 354 2346 igitur:
385 2287 400 2319 e
414 2262 491 2329 Cum
509 2263 685 2331 secundum
710 2272 826 2332 statum
843 2264 1030 2333 conditionis
1046 2272 1172 2332 nostroe
1189 2265 1256 2350 ipsa
1273 2283 1381 2331 rerum
1399 2263 1589 2330 universitas
1605 2261 1646 2328 sil

147 2375 232 2442 scale
253 2377 295 2443 ad
318 2377 553 2445 asceudendum
579 2379 610 2444 in
634 2379 753 2459 Demo,
777 2387 808 2446 et
832 2379 863 2445 in
887 2380 984 2447 relius
1007 2380 1174 2466 quaedam
1189 2380 1256 2447 sint.
1275 2378 1457 2462 vestigium,
1486 2354 1644 2464 quendam

149 2492 268 2578 irrugit,
292 2493 450 2579 quaedam
466 2493 659 2580 corporalia,
684 2495 840 2580 quamdam
865 2495 1059 2581 spiritualia,
1082 2495 1238 2582 qrrraedam
1265 2494 1465 2580 temporalia,
1488 2492 1644 2580 quaedam

147 2608 323 2689 amiterno,
346 2629 383 2675 ae
407 2628 464 2695 per
488 2612 547 2677 lmc
571 2611 726 2697 rpraedam
751 2600 844 2679 extra
868 2631 942 2691 nos,
965 2611 1122 2697 urraedam
1146 2611 1228 2677 iutra
1244 2630 1322 2690 nns;
1343 2610 1382 2676 ad
1401 2611 1461 2677 licre
1477 2608 1562 2696 qrred
1579 2626 1647 2693 per·

150 2725 315 2791 veniamus
338 2724 377 2791 ud
403 2725 541 2810 primum
568 2726 758 2812 principium
783 2726 1068 2807 rorrsiderandum,
1099 2726 1182 2812 qued
1215 2733 1264 2793 cst
1297 2724 1589 2810 spiritualissimum
1616 2729 1648 2789 el

147 2847 314 2907 aeteruum
336 2848 368 2908 el
390 2860 489 2927 supra
512 2861 590 2922 uos,
611 2848 735 2928 ‹urortet
757 2862 815 2911 nos
839 2843 986 2909 trunsire
1008 2861 1066 2928 per
1091 2843 1269 2928 vestigium,
1291 2841 1377 2928 quod
1405 2847 1453 2908 est
1484 2837 1648 2926 corporale

148 2961 180 3022 el
203 2958 376 3043 temporale
399 2966 431 3025 et
453 2967 547 3026 extra
581 2978 655 3038 uos3
679 2966 710 3026 et
735 2960 793 3026 lure
816 2967 864 3026 est
887 2959 1007 3025 decluei
1028 2959 1064 3025 in
1086 2958 1144 3025 rue
1160 2957 1221 3023 Dei
1244 2957 1315 3035 (l's.
1339 2959 1393 3029 83,
1420 2956 1500 3038 ll).
1518 2956 1649 3041 Opertet

149 3073 243 3140 etiam
269 3094 326 3142 ires
351 3075 481 3141 intruere
503 3075 543 3142 ad
569 3085 706 3142 mentem
731 3082 893 3155 nostram,
918 3095 999 3162 quae
1022 3083 1070 3141 est
1093 3075 1197 3159 imago
1220 3074 1274 3141 Ilei
1299 3074 1462 3140 aeriterna
1498 3080 1530 3138 el
1560 3071 1649 3158 spiri-

150 3190 245 3258 tualis
278 3199 310 3259 et
346 3192 428 3258 intra
462 3211 540 3270 nos3
575 3199 607 3259 el
641 3193 699 3259 hoc
724 3199 772 3259 est
796 3175 928 3279 ingredi
950 3191 986 3258 iu
1010 3191 1179 3258 ueritatem
1210 3189 1278 3256 Dei.
1308 3191 1439 3276 Oportet
1472 3187 1566 3255 etiam
1591 3206 1648 3254 nos

151 3309 383 3375 trmrxeerulere
406 3307 446 3375 acl
471 3315 660 3387 aeteruum,
684 3307 977 3393 spiritrmlissimum
1009 3314 1040 3374 el
1070 3325 1169 3393 supra
1191 3324 1270 3387 nos,
1297 3304 1478 3391 aspiciendo
1512 3303 1552 3370 ad
1587 3303 1648 3389 pri·

152 3443 240 3490 uurm
264 3424 473 3511 principium;
507 3431 539 3491 et
574 3425 633 3490 lree
667 3432 715 3491 est
750 3423 874 3490 lecture
898 3423 934 3489 in
956 3423 1017 3489 Dei
1038 3423 1157 3489 urititie
1181 3429 1212 3490 ot
1240 3421 1417 3490 reverentia
1441 3419 1638 3488 rnaiestatis·

153 3539 278 3619 tltiuer.
303 3560 328 3608 c.
359 3540 417 3611 tl.

241 3656 370 3743 Triplex
396 3657 447 3725 ille
472 3676 580 3725 rerum
604 3656 705 3737 orcle,
730 3655 849 3723 scilicet
872 3653 974 3721 ruelii·
997 3654 1078 3721 ordo
1114 3671 1223 3720 rerum
1258 3652 1533 3737 contingentium,
1568 3651 1647 3716 orcle

154 3772 271 3839 icleulr's
296 3773 324 3839 in
352 3778 456 3840 rnerrte
479 3782 585 3840 crrecrm
619 3772 759 3839 existens
795 3770 872 3857 (qui
899 3777 1002 3837 minen
1026 3769 1147 3856 aliquid
1178 3768 1264 3836 reale
1288 3774 1320 3835 ot
1341 3767 1553 3853 ontolegicum
1589 3784 1647 3851 pre

153 3888 275 3956 obiecto
297 3888 433 3971 lralret),
457 3895 488 3955 el
510 3887 589 3955 exulo
611 3886 746 3953 clieiues
762 3894 791 3951 et
809 3885 978 3951 imreetux
996 3883 1126 3950 minime
1152 3882 1388 3963 confundendi,
1420 3881 1474 3949 secl
1499 3888 1647 3947 auctorato

154 4005 368 4089 distinguendi
390 4023 567 4089 emumque
591 4001 759 4070 relationes
783 4008 814 4069 et
838 4019 941 4067 nexus
964 3999 1195 4067 determinandi
1220 4005 1312 4077 sunt,
1329 4003 1365 4063 ut
1381 4005 1448 4064 tum
1466 3994 1644 4081 gravissimi

153 4140 281 4188 errores
304 4120 540 4198 excludantur,
567 4127 633 4186 tum
659 4137 734 4185 vera
757 4124 788 4184 et
812 4116 968 4202 completa
1001 4114 1186 4201 cognitionis
1209 4114 1368 4180 lrunranae
1392 4111 1472 4179 ratio
1495 4130 1649 4197 propina·

154 4244 208 4304 tur
231 4245 262 4304 et
286 4236 472 4314 muniatur,
496 4243 563 4301 tum
590 4234 685 4301 menti
710 4251 824 4300 secura
848 4232 933 4299 scala
956 4231 1170 4298 exlrilteutur.
1187 4228 1441 4297 intellectualiter
1455 4226 1647 4295 ascendendi

153 4354 194 4419 rili
218 4353 327 4419 iulium
349 4352 390 4419 acl
415 4368 624 4436 supremum,
648 4371 668 4415 a
691 4356 839 4417 creatum
861 4348 902 4415 ad
926 4348 1116 4415 Creatorem.
1142 4345 1271 4423 llodus,
1296 4363 1360 4431 que
1388 4342 1566 4410 intellectus
1591 4341 1647 4407 lm-

155 4488 269 4535 mrmus
289 4467 330 4533 alr
355 4485 418 4533 urm
442 4484 550 4534 rerum
574 4464 686 4533 ordino
711 4464 823 4532 transit
846 4464 885 4530 nd
910 4462 1027 4543 alirun,
1051 4461 1132 4528 inlra
1156 4461 1187 4527 in
1211 4461 1273 4528 line
1297 4458 1426 4546 captituli
1452 4458 1484 4524 ll.
1510 4456 1648 4525 trreriter

154 4583 376 4651 adurulualur.

244 4816 275 4881 d,
300 4813 331 4880 lu
356 4813 468 4900 primis
490 4821 598 4879 erxrnmx
623 4812 728 4896 magui
752 4811 901 4879 momenti
925 4828 995 4878 esse
1018 4816 1190 4895 putamus,
1214 4813 1250 4875 ut
1274 4808 1353 4874 irene
1377 4806 1571 4891 intelligatur
1599 4824 1651 4871 an·

156 4930 245 5016 tique
269 4929 323 4995 illa
347 4930 490 4997 doctrina
514 4928 554 4995 cle
578 4927 730 4994 relatione
752 4933 784 4994 el
811 4946 920 5005 nexu,
956 4944 1020 5013 que
1055 4924 1258 5009 coniungitur
1287 4924 1428 4989 immuta
1463 4921 1543 4987 ratio
1577 4939 1650 4986 cum

158 5046 334 5114 rationibus
357 5045 503 5112 aeternis.
527 5045 638 5130 Negari
663 5044 721 5114 nisi
747 5045 787 5110 ab
812 5043 978 5128 insipiente
1007 5062 1068 5108 rum
1103 5047 1227 5128 petest,
1262 5040 1363 5107 lleum
1398 5056 1467 5104 esse
1502 5036 1651 5104 ultimum

157 5164 400 5231 fundamentum
425 5160 546 5228 ordinis
570 5178 678 5227 rerum
706 5167 772 5228 lum
797 5160 893 5227 realis
916 5166 985 5225 tum
1022 5157 1151 5225 iclealis.
1187 5175 1260 5224 curu
1297 5154 1338 5222 sit
1372 5154 1475 5240 prima
1508 5153 1651 5220 onmium

157 5299 255 5347 cansa
277 5278 436 5358 efficiens,
459 5275 654 5363 exemplaris
675 5282 708 5344 et
731 5276 852 5357 linalis;
869 5275 954 5341 uude
980 5273 1010 5340 in
1033 5274 1102 5359 ipso
1118 5290 1229 5339 omnes
1244 5290 1296 5339 res
1313 5287 1487 5357 euruesque
1504 5269 1652 5337 rerimtes

159 5395 418 5482 intelligibiliter,
444 5394 538 5460 modo
560 5400 669 5460 autem
694 5392 822 5478 proprie
847 5390 987 5469 inlinito,
1003 5388 1205 5469 eontinentur
1221 5394 1252 5454 et
1269 5390 1558 5471 repraesentantur.
1576 5384 1653 5451 L'na·

158 5512 286 5579 nimiter
311 5512 383 5578 inde
406 5510 638 5578 comlrulelrml
674 5507 878 5586 Srlmlastici‚
914 5523 1039 5573 omnem
1076 5505 1241 5571 veritatem
1277 5510 1308 5569 et
1342 5501 1438 5569 creati
1475 5498 1652 5566 intellectus

160 5628 381 5696 certitudinem
407 5626 622 5695 reducendam
645 5643 714 5693 esse
738 5625 778 5692 ad
803 5622 973 5710 eecnnptur
995 5628 1161 5690 aeternum
1189 5620 1329 5688 existens
1352 5618 1381 5685 in
1406 5623 1511 5685 mente
1534 5613 1652 5693 diuina,
