3870 6488
218 387 282 456 ito
792 404 943 465 oc'snsno
966 404 1139 454 oiseomra

220 794 317 847 iudicio
336 794 396 860 pius
415 794 493 847 debet
511 809 569 847 esse
587 808 668 849 orror
685 809 765 862 quam
785 793 893 863 opinio:
913 796 1026 847 continet
1044 797 1114 847 enim
1133 795 1214 847 inulta
1233 795 1375 847 catlioliote
1393 792 1453 846 ssdcl
1478 793 1615 845 contraria.
1647 790 1723 857 Quid

218 899 304 945 tamen
323 893 485 960 Augustinus
502 908 584 959 super
602 895 650 945 isto
669 894 792 971 senserit,
812 893 921 946 delinire
940 907 991 946 non
1010 900 1050 947 est
1069 908 1175 960 areum,
1195 895 1334 947 sententias
1359 898 1445 945 mirica
1469 891 1617 958 sapientum
1635 905 1723 956 super

217 992 378 1056 expositione
396 991 526 1044 ‹betorum
545 1005 654 1044 snorum
674 992 699 1042 in
719 990 889 1058 sequentibus
908 997 1022 1057 bingam.
1042 990 1160 1044 Conana
1178 998 1265 1045 autem
1284 991 1433 1058 praedictus
1456 989 1551 1042 modus
1575 987 1630 1042 iria
1657 1002 1723 1043 een·

217 1088 307 1142 truria
327 1088 402 1141 raldo
421 1089 581 1155 periculosa,
602 1103 716 1156 quorum
736 1102 823 1141 onitin
842 1096 897 1154 est,
917 1088 990 1156 <ruod
1009 1088 1080 1141 licus
1098 1089 1218 1142 rideatur
1236 1103 1251 1141 a
1271 1087 1347 1141 nuliis
1365 1090 1391 1141 in
1410 1089 1462 1140 rita
1492 1089 1539 1140 ista
1565 1100 1614 1152 per
1641 1100 1673 1138 se
1694 1091 1724 1138 et

218 1187 375 1241 immediate.
395 1185 551 1242 Secundum
570 1201 648 1253 rere,
669 1186 741 1255 qnod
761 1188 882 1239 veritates
901 1189 1018 1239 omnium
1039 1189 1248 1254 propositionum
1274 1188 1480 1239 necessariarum
1503 1190 1530 1238 et
1553 1185 1723 1237 delinitiones

216 1299 264 1337 seu
285 1288 397 1338 rationes
416 1288 534 1338 onmium
554 1299 642 1338 rerum
662 1293 808 1338 creatarum
828 1286 878 1338 sint
896 1285 1042 1338 secumdum
1062 1300 1118 1338 rem
1137 1284 1363 1338 incommutabiles
1382 1292 1562 1348 eructemus,
1582 1289 1608 1336 ct
1626 1284 1653 1334 in
1668 1283 1723 1333 boc

218 1384 276 1448 ipso
294 1386 464 1449 supponitur,
484 1383 555 1450 rqiiocl
576 1384 731 1437 universalia
750 1389 776 1436 ct
793 1396 885 1436 eorum
905 1383 1067 1435 universales
1086 1382 1252 1436 imbitudines
1270 1385 1321 1436 sint
1339 1381 1566 1436 incommutabiles
1584 1387 1610 1433 ct
1632 1388 1722 1433 new-

219 1496 275 1533 nae.
297 1479 416 1535 Tertium
435 1490 522 1534 autem
540 1487 596 1547 est,
616 1480 687 1548 quod
706 1482 753 1533 ista
772 1482 821 1533 sint
841 1480 912 1533 Deus
930 1495 1047 1534 rurus».
1068 1480 1153 1534 Falsas
1172 1483 1218 1535 itas
1247 1482 1382 1547 opiniones
1410 1478 1531 1546 pluribus
1553 1478 1722 1545 argumentis

218 1585 371 1646 oppugnat,
391 1587 416 1632 et
435 1588 588 1644 argumenta
609 1579 642 1630 32
662 1593 711 1644 pio
729 1580 883 1631 aiilrmaiira
903 1586 977 1643 parto
996 1579 1069 1631 allata
1089 1578 1174 1633 solvit.

290 1677 386 1729 Deinde
406 1676 555 1730 immediate
574 1679 692 1745 scipritur
711 1677 763 1741 (iol.
784 1677 814 1728 iii
837 1681 918 1743 rectia)
938 1678 1055 1744 quaestio
1074 1677 1140 1729 ulia:
1164 1677 1320 1743 «Quoniam
1338 1683 1440 1743 utitem,
1460 1677 1559 1742 inquit,
1578 1677 1719 1728 auctricita·

219 1782 256 1827 tes
275 1774 411 1840 Augustini
431 1776 456 1826 in
477 1777 619 1840 praemissa
639 1776 794 1841 Quaestione
813 1776 911 1840 positas
930 1774 1088 1827 indiscussas
1113 1776 1267 1841 pertransii,
1298 1781 1324 1827 ut
1353 1775 1455 1840 plenius
1482 1773 1619 1837 rideatur,
1650 1788 1721 1840 quo-

218 1871 298 1923 modo
317 1887 331 1923 a
351 1873 482 1938 magistris
501 1871 634 1924 modernis
653 1873 724 1923 rarie
743 1878 921 1937 esqionuutur,
943 1871 1002 1924 ideo
1021 1871 1055 1924 ad
1074 1872 1153 1924 liuius
1170 1871 1329 1924 cridentlam
1342 1869 1492 1937 quaerenda
1505 1878 1565 1923 sunt
1577 1870 1631 1922 duo
1646 1871 1719 1922 iuxta

218 1969 284 2035 boe,
304 1970 416 2022 scilicet:
435 1983 472 2022 nn
492 1968 609 2023 rationes
627 1971 753 2023 creterrae
771 1967 825 2022 siai
842 1971 936 2022 nostra
955 1967 1100 2023 intellectui
1118 1969 1189 2024 rotie
1217 1967 1382 2038 intelligendi
1408 1967 1521 2035 omrtiu,·
1544 1979 1569 2022 et
1596 1983 1634 2023 nn
1666 1967 1720 2022 inre

216 2063 337 2119 increato
356 2064 473 2120 irradiat
490 2064 650 2120 intellectum
671 2068 795 2120 nostrum
815 2065 934 2135 quacum
952 2065 1062 2135 speciali
1079 2065 1255 2122 irradiatione
1281 2065 1310 2120 in
1338 2065 1413 2121 muni
1438 2069 1502 2121 netu
1530 2064 1717 2137 intelligendi,

215 2177 264 2217 see
282 2163 506 2234 poenitentemne
523 2162 628 2234 aliquid
645 2165 709 2219 actu
726 2162 849 2233 intelligit
862 2184 886 2216 ι,
945 2202 948 2207 .

286 2262 327 2315 Ad
340 2264 386 2315 bas
399 2264 565 2330 quaestiones
583 2264 726 2317 atteruntur
747 2262 867 2315 nonnulla
887 2268 1041 2328 argumenta
1056 2265 1081 2316 ln
1095 2270 1233 2332 utramque
1247 2269 1357 2330 partem,
1371 2268 1397 2316 ci
1410 2263 1504 2317 deindo
1517 2263 1612 2330 duplex
1625 2272 1718 2316 aucto

214 2362 320 2414 ritatem
341 2362 366 2411 S.
385 2361 523 2426 Augustini
542 2362 669 2426 cuposiiio
689 2363 845 2427 proponitur
858 2366 982 2428 tanquam
997 2377 1011 2414 a
1026 2361 1177 2415 doctoribus
1195 2362 1328 2415 calliolicis
1352 2367 1525 2427 propugnata.
1540 2360 1719 2429 «Sciendum,

215 2457 288 2526 qnod
307 2454 417 2527 quidum
435 2456 530 2527 stingui
547 2458 657 2525 [quibus
676 2460 762 2524 primo
781 2458 838 2511 loco
858 2459 882 2510 S.
903 2459 1085 2512 [tartarearum
1105 2458 1271 2513 adnumerari
1291 2459 1381 2527 debet]
1400 2461 1541 2512 tolucmnt
1557 2465 1583 2512 et
1596 2460 1719 2527 rolant,

215 2556 287 2624 quod
307 2556 377 2609 licus
395 2557 428 2609 sit
446 2554 516 2609 ratio
535 2554 701 2625 irtieiiigcndi
718 2555 810 2619 nobis;
831 2555 900 2609 unde
919 2570 1012 2609 omncs
1029 2558 1195 2610 auctoritates
1213 2558 1371 2623 praemissas
1394 2558 1531 2623 Augustini
1560 2561 1720 2624 retorquere

215 2657 332 2708 nituntur
351 2653 385 2707 ad
405 2657 484 2707 istum
503 2654 668 2707 intellectum.
689 2654 728 2706 Ad
748 2654 836 2721 quod,
857 2659 936 2720 prout
953 2654 1050 2721 credo,
1069 2670 1100 2708 ex
1120 2655 1225 2709 dnobus
1249 2658 1311 2709 niciti
1339 2657 1460 2710 luerunt:
1489 2662 1543 2709 tum
1572 2656 1634 2722 quia
1665 2656 1722 2707 Au-

215 2755 335 2818 gustinus
354 2753 459 2817 regulas
478 2758 595 2805 aciurnas
614 2757 690 2804 rocut
709 2754 858 2818 frequenter
877 2751 1003 2818 rationes,
1025 2768 1073 2819 per
1092 2768 1158 2820 equas
1176 2758 1261 2806 cetera
1281 2753 1465 2820 intelligimus,
1484 2758 1540 2805 tum
1560 2754 1640 2819 quia,
1655 2753 1719 2804 licet

216 2850 363 2903 secundum
383 2848 525 2902 verborum
545 2850 711 2914 superliciorn
730 2851 895 2902 auctoritates
914 2850 1050 2915 Augustini
1070 2850 1208 2905 riclcnniur
1227 2853 1336 2903 innuere
1354 2864 1460 2903 sensum
1480 2850 1551 2902 iilum
1570 2863 1720 2901 erroneum

216 2947 376 3015 [scilicet-dc
395 2947 544 3000 immediata
563 2948 608 2999 liei
628 2949 652 2999 in
673 2948 722 3000 bac
740 2948 792 2998 rita
812 2947 936 3013 risionc],
956 2961 1035 3014 quem
1055 2950 1177 3013 superius
1195 2947 1353 3014 reprobari,
1372 2956 1398 3001 ct
1416 2947 1486 3001 nulio
1505 2946 1585 2999 modu
1603 2945 1722 2998 creduu-

218 3045 282 3098 dum
302 3045 439 3111 rideatur,
458 3045 530 3114 quod
549 3045 711 3112 Augustinus
729 3045 806 3097 talem
826 3051 939 3097 trientem
960 3044 1056 3098 babere
1076 3047 1206 3112 potuerit;
1226 3046 1323 3099 idcireo
1342 3047 1389 3097 nisi
1409 3051 1470 3098 sunt
1492 3046 1609 3110 magistri
1636 3058 1722 3110 expo·

214 3157 275 3196 nero
294 3142 362 3195 dicta
384 3145 441 3195 eins
459 3140 605 3195 secundum
625 3143 696 3194 iilum
715 3142 840 3209 modum,
861 3156 940 3209 quom
959 3145 1014 3194 sino
1033 3157 1121 3195 errore
1142 3143 1274 3208 praedicto
1293 3145 1378 3209 magis
1397 3157 1489 3195 sonore
1508 3142 1633 3195 ridentur
1648 3163 1673 3194 ι.

286 3242 374 3303 i‘crrro,
394 3242 528 3293 recensitis
546 3241 676 3293 nonnuliis
694 3255 743 3307 pro
762 3242 810 3293 bac
828 3243 952 3293 sentientia
972 3241 1124 3307 rationibus,
1144 3243 1324 3310 prosequitur:
1347 3240 1411 3294 ‹lsti
1430 3243 1509 3306 igitur
1528 3242 1568 3293 bis
1586 3247 1612 3294 ct
1632 3244 1721 3294 eonsi-

216 3339 322 3393 milibus
342 3338 485 3392 rationibus
503 3342 541 3392 sle
558 3348 674 3406 pormnt,
696 3340 753 3392 licet
771 3341 796 3391 in
817 3340 921 3405 speciali
942 3339 1052 3392 dubium
1073 3342 1121 3405 sit,
1150 3340 1284 3407 quomodo
1313 3342 1363 3393 boc
1391 3354 1490 3406 ponere
1514 3338 1661 3405 intendant,
1683 3355 1720 3392 aa

217 3437 338 3490 rideiicet
351 3438 442 3501 relint,
456 3437 528 3504 quod
547 3440 611 3491 ratio
629 3443 733 3490 aeterna
752 3445 928 3503 repraesentet
946 3436 1052 3504 omitia,
1068 3453 1135 3505 quae
1154 3438 1366 3492 certitudinalitcr
1384 3441 1482 3491 selinus
1495 3445 1520 3491 et
1532 3438 1719 3503 intelligimus,

215 3548 342 3604 represso
360 3537 384 3588 et
402 3533 523 3589 distincte
542 3537 568 3589 el
585 3534 612 3588 in
631 3533 753 3606 speciali,
774 3542 819 3588 ant
837 3536 921 3588 solnm
940 3534 1050 3604 reirsuse
1067 3539 1092 3589 el
1108 3534 1259 3591 indistinete
1277 3538 1302 3590 el
1314 3535 1342 3590 in
1358 3534 1480 3605 gererali
1489 3563 1526 3575 -
1537 3540 1563 3589 ct
1574 3550 1607 3587 an
1623 3537 1719 3603 veiint,

216 3632 289 3699 quod
303 3635 358 3699 ipsa
373 3635 437 3685 ritio
450 3639 553 3686 aeterna
573 3632 723 3687 immediate
741 3635 765 3688 ci
779 3647 876 3701 perse
896 3639 1072 3699 repraesentet
1090 3635 1226 3687 intellectui
1246 3649 1276 3687 ca
1296 3650 1364 3702 cquae
1383 3635 1564 3701 intelligimus,
1581 3642 1628 3687 aut
1640 3637 1720 3704 ‹picrd

215 3734 280 3783 ratio
299 3738 402 3784 aelerna
421 3733 553 3797 imprimat
572 3738 597 3784 ct
616 3733 735 3797 ingignat
751 3730 797 3784 sni
814 3729 1016 3785 sirniliindincnt
1035 3734 1060 3785 in
1079 3735 1134 3785 acie
1153 3733 1313 3798 intellectus,
1327 3735 1360 3785 lin
1380 3733 1452 3800 quod
1471 3747 1522 3801 non
1535 3740 1721 3799 repraesentet

216 3829 353 3882 intellectui
373 3836 461 3882 nostro
480 3827 647 3893 intelligibilia
667 3843 715 3895 per
733 3843 761 3883 se
779 3835 805 3882 ot
823 3830 989 3895 immediate,
1009 3830 1056 3882 sed
1076 3829 1205 3883 mediante
1224 3831 1328 3896 specle,
1348 3844 1428 3897 quam
1446 3831 1594 3896 regignit».

288 3926 356 3980 «isti
375 3929 453 3978 etiam
473 3925 506 3978 ad
526 3925 668 3978 meandum
697 3928 876 3993 quaestionem
904 3926 1011 3992 dicunt,
1040 3927 1112 3994 quod
1140 3942 1190 3979 non
1219 3928 1305 3980 solunt
1333 3927 1420 3980 (lirina
1450 3928 1493 3980 lux
1520 3930 1653 3981 concurrit
1681 3930 1718 3983 ad

213 4029 301 4076 actum
320 4022 478 4087 intelligendi
499 4030 526 4077 ut
545 4025 609 4076 ratio
628 4022 795 4089 intelligibilia
815 4031 1025 4090 repraesentans,
1044 4023 1187 4077 sedetiam
1207 4029 1235 4078 ut
1253 4022 1396 4079 illustrans
1408 4022 1592 4078 etirrodt'ans.
1614 4025 1719 4081 Volunt

212 4123 299 4186 enim,
319 4121 391 4189 quod
410 4122 476 4174 sicut
494 4121 596 4187 specics
615 4129 716 4174 creatae
735 4136 786 4173 non
811 4129 873 4175 sunt
893 4123 1054 4173 subicientes
1081 4121 1115 4174 ad
1140 4123 1390 4188 repraesentandum
1418 4122 1648 4188 certitudinaiitcr,
1676 4126 1719 4178 sic

213 4233 260 4272 nec
279 4221 320 4271 lux
340 4218 481 4271 intellectus
500 4220 600 4282 agentis
618 4224 657 4271 cst
676 4220 807 4271 semideus
826 4219 859 4271 nd
879 4218 1057 4272 irradiandurn
1077 4219 1242 4273 infallibiliter
1270 4221 1426 4273 intellectum
1452 4219 1602 4287 possibilem
1631 4225 1657 4272 et
1688 4223 1717 4274 in

211 4319 312 4383 specics
331 4320 498 4383 imaginarias
516 4326 542 4370 et
561 4319 585 4369 in
605 4319 794 4383 phantasmata.
814 4317 888 4370 Unde
906 4323 931 4369 et
950 4317 1057 4384 qnidam
1078 4320 1172 4370 iturum
1192 4319 1347 4385 coluerunt,
1368 4317 1440 4386 quod
1459 4321 1485 4370 in
1504 4317 1579 4370 nobis
1598 4332 1651 4370 non
1672 4334 1715 4372 cs·

212 4419 250 4467 set
268 4415 334 4468 alius
354 4417 496 4469 intellectos
514 4430 612 4482 agens,
633 4417 681 4467 nisi
700 4416 771 4467 solus
790 4416 859 4468 liciis
878 4434 902 4468 ι.

286 4511 364 4567 «Alii
381 4520 468 4566 autem
487 4511 568 4566 cimai
587 4512 681 4582 rungni
698 4515 837 4566 rolueront
855 4524 880 4566 et
899 4513 1004 4577 iniunt,
1024 4514 1096 4581 qnod
1115 4515 1277 4580 Augustinus
1291 4502 1321 4567 'in
1341 4517 1389 4568 lmc
1408 4520 1481 4582 parte
1499 4514 1546 4567 litii
1565 4514 1719 4572 Platonicus

212 4610 270 4677 [cir.
290 4610 361 4679 quod
381 4625 461 4677 snpra
481 4608 638 4665 moeream
658 4625 718 4676 pag.
739 4610 787 4677 35,
808 4611 840 4662 36
860 4625 890 4663 ex
911 4612 936 4663 S.
957 4611 1058 4663 Tiioma
1077 4611 1110 4664 de
1129 4613 1260 4677 Spirituai.
1280 4612 1411 4666 creaturis
1428 4612 1671 4680 transcripsimusl,
1692 4622 1721 4669 et

211 4708 313 4774 dicuni,
326 4709 399 4777 ‹qriod
417 4711 502 4762 Sancti
522 4710 589 4763 dicta
608 4709 839 4775 pbilosophorum,
860 4723 927 4776 quos
946 4709 1140 4777 sequebantur,
1161 4716 1239 4776 prout
1257 4717 1411 4785 putuerunt,
1430 4717 1563 4764 traxerunt
1574 4711 1608 4763 ad
1622 4710 1717 4780 iidem,

211 4809 371 4874 corrigentes
389 4822 419 4860 ea
439 4821 507 4875 cquae
526 4806 562 4859 ibi
581 4812 669 4859 contra
690 4806 769 4859 iidem
788 4814 862 4858 crant
874 4825 898 4858 ι.
917 4833 954 4844 -
972 4807 1059 4860 liciata
1079 4810 1205 4859 sententia
1218 4796 1501 4861 ‚ricitonts'socunctum
1520 4811 1717 4875 expositionem

211 4905 364 4969 Aristotelis,
384 4911 476 4956 auctor
493 4905 676 4971 prosequitur:
701 4904 819 4955 «Dicunt
838 4905 917 4969 igitur
936 4903 1061 4970 praedicti
1081 4908 1212 4971 magistri,
1232 4906 1305 4973 quod
1322 4908 1485 4973 Augustinus
1503 4920 1564 4959 eum
1578 4906 1718 4974 aliquibus

212 5004 268 5057 aliis
287 5005 438 5072 Platonicis,
458 5004 649 5057 multitudinem
670 5002 821 5055 liuinsmocli
840 5005 938 5054 entium
958 5018 1071 5069 negans,
1092 5004 1263 5071 pluralitatem
1283 5005 1402 5057 idearum
1421 5007 1446 5057 in
1466 5018 1519 5057 uno
1538 5018 1644 5058 summo
1658 5006 1717 5060 Deo

212 5105 268 5156 sino
286 5104 348 5156 reali
367 5103 510 5156 differentia
530 5116 647 5169 ponens,
667 5102 693 5152 in
712 5101 814 5168 reliquo
834 5101 965 5153 l‘laionem
983 5109 1090 5154 secutus
1108 5110 1163 5169 cst,
1183 5103 1329 5156 secundum
1342 5102 1414 5170 quod
1428 5102 1461 5155 ab
1474 5103 1627 5156 huiusmodi
1645 5103 1718 5159 ideis

211 5202 294 5254 roluit
312 5204 337 5254 in
358 5202 485 5255 intellectu
505 5207 594 5254 nostro
612 5197 711 5268 spectes
730 5195 858 5267 imprimi,
880 5213 928 5265 per
947 5203 1014 5267 (iuris
1033 5209 1122 5265 posset
1140 5201 1282 5266 intelligere
1301 5208 1410 5266 cuncta,
1439 5216 1507 5268 qnae
1536 5201 1661 5268 intelligit.
1683 5204 1716 5256 Et

211 5307 272 5353 tunc
291 5299 381 5353 dicunt
398 5299 541 5366 praedicti,
561 5298 633 5368 quod
652 5304 779 5366 quantum
799 5297 832 5350 ad
852 5298 901 5352 boc
919 5298 986 5350 inter
1005 5298 1137 5352 Platonem
1155 5307 1180 5354 et
1199 5299 1362 5357 Aristotelem
1390 5301 1438 5355 luit
1465 5299 1629 5355 tbiicrentla:
1649 5303 1717 5370 quia
