3870 6488
317 312 359 383 so
876 338 986 387 steort
1012 340 1263 393 noxarcurtnu:

406 458 491 525 lutet
514 457 626 541 etiarn,
650 457 721 547 ruris
745 460 786 528 sit
815 473 935 529 nrrrror
957 471 989 530 ot
1012 464 1144 544 doctor,
1178 468 1254 554 grtia
1277 469 1433 553 dttctstus,
1455 472 1509 559 qni
1533 480 1581 541 est
1612 473 1752 541 director
1783 482 1815 543 et

314 574 442 640 arlintor
466 582 591 642 nostran
617 577 838 662 intelligentiae
864 598 924 644 non
948 580 1051 647 solnm
1073 583 1292 667 generaliter,
1328 586 1409 653 sicut
1434 588 1463 653 iu
1487 589 1635 657 omnibus
1658 589 1810 676 operilnrs

315 698 462 771 ruiturae,
487 710 543 759 nec
568 693 610 759 ita
632 693 838 779 specialiter,
863 696 944 763 sicut
969 696 999 763 in
1023 698 1174 784 operiltus
1197 702 1317 783 gratiae
1339 708 1370 769 et
1394 702 1521 771 virtutis
1545 705 1738 779 meritoriae,
1755 706 1809 773 sed

313 808 452 893 rumdam
479 808 572 874 tuoto
596 809 700 877 tnedio
725 811 806 879 inter
829 820 1012 900 utrumque.
1030 852 1073 862 -
1089 813 1133 880 ld
1158 816 1251 882 cuius
1275 816 1513 904 intelligentiam
1530 821 1715 900 notandum,
1727 823 1814 908 quod

314 922 345 988 in
369 926 526 992 creaturis
550 928 709 1012 reperitur
733 927 850 1015 triplex
876 929 990 996 motus
1014 930 1242 999 conformitatis
1264 934 1304 1000 ad
1330 934 1441 1002 llerun.
1459 937 1620 1022 Quaedam
1644 940 1729 1005 euim
1746 956 1818 1005 ron·

314 1038 492 1108 lornrantnr
517 1042 581 1109 [too
603 1044 686 1110 sicut
710 1044 902 1132 neotipinnr,
919 1047 1076 1133 quaedam
1095 1048 1176 1117 sieut
1193 1048 1324 1137 r'orupo,
1340 1052 1498 1138 quaedam
1514 1053 1597 1121 sicut
1618 1052 1818 1121 sinaititudo.

322 1156 499 1244 l'estrjpiton
523 1166 630 1227 autern
655 1160 1015 1248 dicitcomparationem
1032 1164 1072 1230 ad
1091 1164 1191 1232 lleum
1208 1166 1290 1233 sicut
1313 1167 1352 1234 ad
1372 1168 1563 1256 principium
1579 1169 1818 1249 causaticnrou

314 1271 427 1357 a‘nurpo
451 1282 557 1341 autem
583 1294 643 1343 uon
668 1276 770 1343 solutu
794 1277 877 1344 sicut
900 1278 941 1345 ad
967 1278 1177 1366 principium,
1200 1281 1255 1348 sed
1279 1282 1374 1349 etiam
1398 1283 1480 1350 sicut
1502 1283 1542 1351 ad
1567 1283 1726 1351 obiectum
1751 1304 1819 1351 oro

314 1388 444 1467 tiennt‚·
466 1410 504 1457 eo
535 1392 618 1459 euim
643 1401 691 1460 est
714 1393 819 1460 anirna
851 1394 954 1479 imago
991 1395 1060 1474 liei,
1097 1404 1132 1463 ut
1167 1396 1243 1463 dicit
1273 1398 1467 1485 Augustinus
1501 1400 1741 1488 decimoquarto
1774 1400 1817 1467 de

314 1504 465 1572 Trinitato
481 1506 501 1587 ¹,
526 1525 590 1593 qno
613 1526 714 1594 capax
738 1508 809 1577 eius
831 1517 879 1577 est
903 1517 934 1577 et
957 1511 1115 1598 particeps
1138 1530 1208 1581 esse
1231 1520 1351 1600 potest,
1375 1514 1494 1585 scilicet
1516 1534 1574 1603 per
1604 1516 1815 1603 cognitionem

313 1625 344 1684 ot
367 1638 521 1688 atnorem.
547 1622 740 1691 Sirnilitnrlo
763 1634 869 1692 etitem
895 1626 1022 1713 respicit
1057 1627 1157 1695 num
1182 1646 1244 1696 non
1280 1637 1402 1697 tautum
1427 1648 1485 1718 per
1508 1631 1639 1699 modum
1667 1630 1813 1719 principii

313 1742 345 1802 et
368 1736 499 1819 olrice-ti,
535 1758 647 1807 rernm
680 1741 774 1807 etiam
808 1760 866 1829 pec
898 1742 1033 1809 tundam
1068 1744 1150 1811 dmn'
1171 1743 1288 1831 ricfrtat.
1313 1746 1345 1813 lu
1370 1746 1432 1813 illis
1465 1766 1542 1835 ergo
1575 1748 1814 1835 operationibus

314 1863 498 1937 creaturae,
522 1876 604 1944 quan
628 1866 703 1925 sunt
727 1858 838 1946 ipsius,
862 1858 892 1925 in
916 1868 1071 1946 errantum
1096 1869 1145 1930 est
1170 1861 1363 1949 percipient,
1387 1862 1470 1930 sicut
1492 1870 1567 1933 suut
1589 1864 1813 1933 universaliter

313 1973 452 2040 artiones
477 1975 657 2055 naturales,
681 1982 870 2062 cooperatur
895 1976 980 2043 llous
1003 1976 1085 2044 sicut
1109 1978 1298 2064 principium
1315 1986 1347 2047 et
1362 1996 1468 2047 causa.
1484 1978 1517 2046 ln
1534 1980 1714 2061 insaniem,
1729 1998 1812 2068 quae

313 2094 388 2155 suot
412 2088 528 2176 ipsius,
553 2091 584 2158 in
619 2101 774 2178 quamam
811 2100 859 2160 est
883 2092 1013 2180 iorupo,
1048 2093 1130 2160 sicut
1159 2099 1234 2161 suut
1265 2094 1403 2163 artiones
1427 2094 1670 2177 intellectuales,
1693 2094 1812 2183 quilius

312 2208 417 2275 anitna
442 2209 576 2295 pur-cipit
600 2208 701 2295 ipsam
726 2210 890 2277 veritatem
916 2209 1162 2291 immutabilem,
1185 2217 1375 2297 cooperatur
1391 2210 1473 2277 sicut
1495 2210 1655 2278 obiectum
1677 2220 1708 2279 ct
1722 2212 1813 2279 ratio

312 2327 449 2393 orotiro.
474 2326 506 2393 ln
531 2327 581 2393 liis
607 2344 699 2405 tero,
723 2344 806 2413 quac
838 2334 913 2394 sunt
947 2326 1064 2412 ipsius,
1097 2326 1128 2392 in
1162 2332 1318 2413 quantum
1348 2333 1397 2394 cst
1420 2325 1609 2407 similitudo,
1632 2326 1716 2395 sicul
1737 2334 1812 2395 sunt

312 2443 512 2527 operationes
535 2442 734 2514 nteritoriae.
759 2448 949 2528 cooperatur
973 2441 1055 2509 sicut
1077 2442 1201 2509 donum
1226 2440 1378 2529 insacrum
1395 2459 1454 2529 per
1468 2442 1612 2529 gratiam.
1630 2442 1666 2510 Et
1681 2450 1814 2530 propter

312 2559 370 2624 lior
395 2558 471 2625 ‹lirit
496 2557 688 2641 tagontius
720 2565 832 2625 mtaro
856 2556 896 2624 de
931 2557 1062 2625 Ciuitate
1097 2557 1196 2625 Dei':
1229 2558 1345 2643 ·Qnod
1368 2558 1455 2624 Deus
1476 2564 1524 2625 est
1547 2574 1643 2625 causa
1664 2556 1813 2637 essendi,

313 2676 393 2744 ratio
417 2674 610 2759 intelligendi
634 2680 666 2742 et
688 2673 768 2741 ordo
792 2674 918 2741 vivendi
932 2699 963 2739 ».
987 2674 1076 2759 Quod
1101 2683 1208 2741 autem
1237 2674 1363 2741 dicatur
1385 2672 1475 2740 ratio
1499 2672 1718 2762 intelligendi,
1734 2692 1814 2741 saue

313 2792 552 2879 intelligendum
578 2799 634 2870 cst,
658 2810 720 2858 non
745 2790 819 2877 qnia
843 2790 884 2857 sit
908 2788 1102 2875 intelligendi
1127 2790 1207 2857 ratio
1229 2788 1313 2868 sola,
1338 2808 1395 2857 nec
1417 2789 1524 2869 namo,
1546 2807 1604 2859 nec
1628 2798 1705 2857 toto.

400 2911 431 2976 Si
457 2909 540 2975 enirn
566 2913 649 2976 esset
673 2908 753 2973 ratio
776 2905 868 2984 solo,
891 2925 953 2973 nou
978 2906 1120 2973 differret
1136 2906 1271 2991 cognitio
1287 2904 1434 2973 scientiae
1456 2905 1667 2993 arognitioue
1689 2904 1817 2993 sapien·

312 3027 391 3103 tiae,
415 3044 471 3093 uec
496 3023 632 3109 cognitio
656 3023 687 3089 in
704 3022 809 3090 Verbo
833 3041 851 3088 a
875 3022 1050 3107 cognitione
1075 3021 1106 3088 in
1130 3020 1260 3109 proprio
1281 3038 1407 3107 genere.

400 3142 536 3219 Rursus,
554 3139 578 3205 si
596 3145 678 3207 esset
702 3138 783 3204 ratio
805 3137 899 3203 tietdo
923 3145 954 3203 ot
977 3144 1103 3224 aperta,
1121 3156 1181 3204 oon
1199 3136 1341 3204 differret
1363 3136 1499 3221 cognitio
1513 3137 1584 3205 riae
1598 3156 1619 3205 a
1633 3134 1816 3223 cognitione

311 3257 449 3343 patriae,
472 3255 558 3342 quod
582 3254 711 3341 (pridem
737 3254 851 3319 lalsurn
876 3261 941 3334 est,
965 3272 1037 3320 rcum
1063 3253 1178 3320 illusit
1202 3254 1280 3321 lario
1302 3253 1342 3319 ad
1366 3253 1489 3331 taciem,
1512 3254 1591 3321 liaeo
1618 3258 1726 3321 antem
1747 3272 1816 3339 per
1882 3316 1888 3325 .

309 3372 479 3459 speratum
502 3377 534 3439 rt
550 3371 585 3437 in
600 3369 804 3456 trodpmnrn·
826 3370 902 3456 prtia
925 3378 1068 3438 nostrum
1093 3369 1268 3457 intelligere
1292 3370 1467 3438 secuudum
1492 3376 1610 3437 statum
1645 3368 1716 3437 nise
1746 3388 1815 3437 non

310 3498 358 3555 est
381 3489 448 3555 siue
472 3488 701 3574 phantasmate.

399 3605 574 3682 Postremo,
591 3602 616 3671 si
633 3610 715 3670 esset
740 3602 819 3669 ratio
837 3610 916 3679 torn,
940 3619 1002 3668 nou
1028 3602 1243 3687 indigeremus
1259 3602 1363 3689 specie
1386 3608 1418 3669 ot
1441 3599 1619 3688 receptione
1634 3598 1674 3667 ad
1698 3618 1818 3689 cogno

309 3721 442 3787 srendas
467 3737 538 3799 ros,
562 3718 647 3805 qtrctd
674 3718 837 3784 manifesto
854 3718 1001 3784 ridemus
1016 3734 1085 3785 esse.
1101 3717 1234 3797 laisum,
1257 3717 1329 3803 qnia
1348 3716 1528 3786 amittentes
1551 3736 1652 3785 nuum
1677 3734 1815 3787 sensum

310 3854 437 3903 noresse
461 3835 616 3903 turbemus
640 3833 785 3901 arnittero
809 3852 905 3900 noun
930 3832 1092 3900 scientiam
1107 3832 1128 3897 ³.
1154 3832 1241 3899 torte
1266 3833 1336 3901 licet
1372 3832 1478 3900 anima
1505 3832 1682 3901 secundum
1706 3836 1817 3921 dugin-

308 3951 427 4018 stimnn
462 3969 605 4018 connexa
630 3951 670 4017 sit
695 3949 817 4034 legibus
841 3949 995 4029 aeternis,
1019 3949 1094 4035 qnia
1116 3947 1224 4034 aliquo
1247 3947 1342 4015 modo
1365 3947 1444 4015 illud
1469 3947 1577 4016 lumen
1607 3946 1735 4034 attingit
1767 3966 1816 4017 se·

309 4068 450 4137 cundum
474 4087 668 4156 arpi-noune
691 4066 797 4133 orient
824 4064 1002 4131 inteltoetns
1029 4063 1159 4151 aprutio
1179 4070 1210 4131 et
1233 4063 1432 4151 superiorem
1456 4061 1633 4151 partionem
1656 4062 1814 4145 rationis,

310 4183 526 4251 indrdtitantcr
549 4191 653 4251 tauron
679 4200 790 4250 reuma
814 4189 883 4260 cst,
918 4180 1095 4247 secuudum
1118 4179 1204 4266 antd
1228 4178 1304 4246 dicit
1328 4178 1537 4265 Philosophus
1550 4178 1573 4259 ⁴,
1595 4178 1812 4265 cognitionem

308 4300 454 4383 guimari
491 4300 521 4366 in
553 4299 643 4366 notos
675 4300 726 4366 via
760 4316 883 4375 sensns,
908 4296 1079 4363 memoriae
1100 4302 1132 4361 ct
1166 4294 1399 4380 expetendae:
1423 4311 1465 4361 ex
1494 4293 1612 4381 quilius
1642 4293 1812 4381 colligitur

309 4416 488 4483 universale
524 4416 553 4482 in
585 4414 689 4494 uoltis,
723 4413 808 4501 rpttod
844 4419 892 4480 est
926 4410 1116 4499 principium
1140 4410 1218 4477 artis
1240 4415 1272 4476 et
1295 4410 1452 4477 minutiae.
1478 4408 1565 4476 linde
1595 4408 1673 4499 quia
1695 4408 1814 4478 Plato⁵

308 4538 404 4598 totam
429 4531 637 4616 cognitionem
662 4528 916 4597 certitndiualem
942 4526 1095 4594 comertit
1119 4526 1159 4593 ad
1191 4525 1348 4592 muudum
1381 4524 1610 4611 intelligibilem
1633 4524 1702 4592 sive
1729 4526 1816 4593 idea·

397 4763 405 4797 ¹
425 4762 488 4829 Cap.
508 4765 532 4830 s,
552 4762 596 4815 ulti
610 4761 705 4815 editio:
723 4762 782 4813 «lio
801 4762 900 4829 qnippe
921 4760 978 4824 ipso
997 4760 1084 4819 imago
1097 4759 1154 4809 rius
1166 4764 1221 4823 ost,
1241 4771 1295 4823 quo
1313 4757 1370 4808 rius
1389 4769 1470 4822 rapax
1488 4762 1528 4807 ost
1546 4757 1657 4823 eiusque
1675 4759 1817 4824 particeps

307 4875 364 4911 esso
384 4868 468 4927 penest
478 4858 502 4914 ι’,

394 4958 488 5026 ’Cap
508 4958 532 5013 l.
552 4959 635 5013 Editio
653 4954 815 5011 srrlrsistrudi
833 4971 881 5023 pro
900 4953 1017 5021 essendi,
1037 4964 1096 5020 prmt
1115 4953 1186 5021 utrod
1206 4952 1292 5005 adiicit
1311 4957 1343 5007 ct.

395 5056 407 5092 ³
425 5059 536 5115 srtsror..
556 5059 571 5110 Ι.
594 5058 689 5111 l‘ctstor.
709 5070 732 5108 r.
755 5054 793 5107 ct.
813 5055 846 5113 tc.
871 5055 929 5107 pap,

395 5157 407 5191 ⁴
427 5156 452 5209 ll.
474 5159 568 5209 l’oster.
588 5172 610 5209 r.
636 5158 673 5209 ts.
695 5156 727 5217 (c.
752 5155 811 5223 llil,
831 5162 856 5207 et
877 5154 987 5219 lletaplt.
1007 5166 1028 5205 r.
1053 5153 1073 5205 1.

395 5257 407 5292 ⁵
427 5257 528 5309 t'tdosts
547 5257 687 5322 praeripui·
706 5255 817 5315 scis-rot,
830 5252 844 5304 l.
866 5252 977 5317 lictaptr.
997 5266 1021 5303 r.
1045 5252 1081 5302 ro.
1097 5252 1130 5307 (c.
1150 5254 1195 5315 tt).
1215 5258 1240 5301 et
1260 5250 1310 5301 xd.
1331 5250 1440 5315 ,lletapln
1459 5263 1482 5302 c.
1503 5246 1527 5301 l.
1546 5258 1572 5301 et
1590 5246 1614 5299 5
1635 5248 1690 5315 (etl.
1711 5248 1816 5321 utnon.
