3870 6488
216 352 281 423 21⁸8
537 371 688 432 orsmaro
711 372 883 421 pisaurum
907 372 955 421 rh.
979 371 1127 421 arcuatim
1150 372 1170 421 tt
1194 372 1395 423 ulmltvttttt.

310 670 322 700 ι
336 651 468 719 Quantum
486 657 574 705 autem
587 649 620 703 nd
633 648 745 705 modum
763 649 925 720 cooperandi
941 650 1138 719 attondendum,
1157 650 1229 718 qarod
1240 664 1290 703 non
1303 648 1459 705 attribuatur
1470 653 1508 705 cis
1520 652 1640 718 operatio
1650 653 1724 705 sicut

213 748 339 805 notramtt
352 748 498 819 principio,
519 756 564 803 nut
582 750 649 803 sieut
667 747 756 815 tonui,
777 756 822 802 ant
834 751 901 803 sieut
918 747 1121 805 instrumcaimi
1137 764 1183 803 seu
1196 748 1395 804 secundarius
1414 749 1469 803 Deo
1481 752 1551 804 enim
1568 751 1632 803 nihil
1646 764 1722 803 crea·

215 854 286 915 turn,
306 862 355 901 nce
372 847 459 917 aliqua
478 848 545 902 actio
564 854 698 902 creaturae
715 849 767 901 exit
786 849 834 901 nisi
851 846 1014 915 colummae,
1029 854 1056 902 et
1067 850 1134 901 slurt
1152 847 1187 901 ab
1205 847 1302 902 artilloe
1321 850 1408 915 potius
1431 862 1511 916 quam
1530 857 1587 903 uta
1606 849 1723 902 naturali

214 945 444 1011 agente...-Non
463 947 541 999 etiam
561 950 646 1012 potest
663 947 702 998 eis
719 945 824 999 attribui
843 949 911 999 sicut
928 947 1057 1013 principio
1071 944 1159 1013 lateii,
1181 948 1242 1014 qula
1256 952 1317 1001 tune
1335 948 1402 1000 actio
1420 946 1578 1014 intelligendi
1592 961 1645 1000 non
1660 960 1723 1012 pos·

215 1050 253 1097 set
272 1044 324 1098 dici
351 1046 418 1098 actio
443 1044 613 1098 intellectlvae
632 1046 776 1111 potentiae,
801 1059 850 1097 nee
868 1050 968 1111 nostra,
988 1042 1035 1098 sed
1059 1045 1145 1098 solum
1163 1047 1230 1098 aetio
1248 1044 1334 1113 ideae,
1353 1059 1400 1099 seu
1423 1045 1495 1099 Diri...
1508 1045 1611 1098 -Non
1637 1047 1721 1099 etiam

215 1141 293 1197 debet
301 1144 325 1195 el
335 1142 440 1197 attribui
452 1142 603 1197 huiusmodi
616 1144 682 1196 aetio
695 1144 762 1196 slent
773 1142 865 1213 operui
875 1141 1036 1198 secundario
1049 1150 1094 1196 aaut
1107 1142 1314 1197 insirumcnluii.
1324 1172 1361 1183 -
1370 1143 1562 1198 attendentium
1575 1152 1615 1198 est
1626 1145 1721 1210 etiam,

215 1256 248 1294 an
267 1243 417 1309 eooperado
436 1241 609 1295 irradiationis
627 1243 660 1294 sit
687 1255 793 1308 semper
811 1242 859 1294 alia
879 1248 905 1294 et
923 1242 986 1307 alla,
1008 1244 1041 1295 ita
1062 1241 1134 1309 qarod
1157 1241 1251 1295 habeat
1269 1244 1419 1296 oontinuam
1441 1245 1554 1310 partium
1574 1244 1723 1295 successio

215 1353 288 1406 nem,
308 1340 349 1393 rei
368 1354 400 1392 an
420 1353 525 1406 semper
543 1339 600 1405 ilat,
619 1339 661 1393 vel
681 1345 780 1394 mnium
800 1339 907 1408 quando
926 1342 1006 1393 homo
1024 1355 1053 1393 se
1072 1344 1162 1393 movet
1179 1342 1234 1394 sino
1252 1354 1342 1394 errore
1361 1342 1571 1407 phantasmatum
1590 1340 1625 1393 ad
1645 1340 1722 1393 intei-

215 1437 364 1504 ligendum,
383 1445 409 1492 et
427 1452 459 1491 an
479 1439 619 1504 recipiatur
637 1439 662 1490 ln
682 1437 821 1504 speciebus
840 1439 1033 1505 imaginationis
1051 1443 1096 1492 aut
1114 1439 1242 1493 intellectu
1261 1438 1388 1506 possibili,
1407 1445 1452 1492 aut
1464 1439 1592 1493 intellectu
1605 1444 1721 1506 agente,

216 1544 260 1589 ant
279 1537 305 1588 ln
325 1536 448 1590 omnibus
462 1536 540 1589 simul
554 1556 605 1589 »....

308 1635 369 1687 «Ex
387 1642 460 1702 parte
479 1636 557 1688 etlam
575 1633 724 1689 intellectus
743 1634 891 1688 cavendum
913 1639 967 1702 est,
987 1638 1084 1688 utnon
1104 1635 1237 1688 auferatur
1253 1635 1303 1689 sibi
1318 1635 1474 1703 possibilitas
1486 1649 1549 1688 rure
1567 1639 1594 1688 et
1611 1635 1723 1688 certitu·

215 1731 333 1785 dinalitcr
351 1732 482 1786 iudicandi
500 1739 526 1786 et
544 1733 758 1798 intelligendi»...
787 1732 966 1787 «Cavendum
990 1743 1030 1788 cst
1048 1735 1141 1799 otiam,
1161 1733 1233 1802 qarocl
1259 1748 1310 1787 non
1329 1742 1442 1801 ponatur
1464 1735 1583 1787 omnium
1607 1734 1722 1785 scicntia

214 1830 240 1883 ln
259 1831 388 1884 lntclltatu
407 1838 495 1884 nostro
514 1829 548 1883 ab
568 1831 638 1882 initlo
656 1844 703 1883 seu
722 1838 821 1884 natura.
843 1831 912 1885 hiato
930 1833 1000 1884 enim
1015 1851 1057 1885 r...
1076 1830 1255 1885 «favendum
1274 1838 1314 1886 est
1331 1833 1418 1898 etiarn,
1438 1845 1471 1884 no
1484 1832 1534 1884 hoc
1552 1829 1622 1898 [scil.
1643 1843 1724 1897 prae·

214 1930 295 1981 sentia
314 1930 444 1981 rationum
463 1927 603 1995 idoallnm]
622 1928 656 1981 ad
675 1930 808 1981 scientiam
828 1927 986 1982 habitualem
999 1930 1120 1982 sullleero
1138 1928 1266 1982 videatur.
1281 1930 1307 1981 Sl
1326 1930 1396 1982 enim
1414 1930 1515 1995 species
1533 1942 1584 1980 non
1603 1936 1722 1994 possunt

214 2025 328 2080 abstrahi
347 2041 361 2079 a
380 2025 461 2080 rebus
479 2032 523 2079 nui
541 2026 765 2092 phantasmatibus
778 2029 834 2080 siue
853 2027 1019 2081 irradiatione
1031 2029 1097 2081 luch
1116 2033 1248 2094 astemoe,
1269 2033 1330 2081 tunc
1341 2032 1456 2093 oportet,
1476 2026 1548 2094 quod
1562 2024 1722 2079 huiusmodi

213 2124 346 2178 irradiatio
365 2124 504 2190 praecedat
521 2123 722 2177 abstractionem
741 2126 904 2191 specierum,
923 2131 948 2178 ot
966 2127 987 2179 si
1006 2125 1139 2179 irradiatio
1158 2128 1222 2178 haee
1241 2139 1292 2178 nnn
1312 2124 1340 2177 iit
1358 2126 1406 2178 nisi
1425 2125 1553 2178 intellectu
1573 2123 1607 2176 ad
1627 2123 1722 2177 lutam

213 2226 345 2275 mtcrnam
364 2224 438 2288 prius
449 2236 590 2288 converso,
609 2229 671 2276 tunc
683 2228 709 2275 et
727 2222 877 2275 huiusmodi
890 2224 1028 2277 conversio
1046 2223 1185 2289 praecedet
1197 2223 1396 2277 abstractionem
1416 2224 1617 2290 specierum»...
1636 2241 1650 2269 ι
1661 2222 1723 2274 lloc

214 2327 302 2373 nartem
321 2319 418 2372 ideirco
437 2320 509 2386 dieo,
529 2320 589 2388 qrrla
603 2319 710 2387 nitidam
725 2334 773 2386 prn
787 2323 928 2387 praecipua
940 2335 1019 2374 clausa
1032 2328 1148 2387 ponunt,
1166 2336 1248 2389 tritara
1261 2323 1374 2374 rationes
1387 2326 1506 2374 aeternae
1519 2333 1571 2372 non
1584 2320 1723 2372 srtfficiant

214 2416 248 2469 ad
267 2419 415 2483 scientiam,
434 2418 510 2485 quin,
530 2423 558 2471 ut
575 2417 681 2485 dieunt,
701 2418 843 2471 intellectus
862 2425 949 2472 noster
968 2432 1018 2471 non
1032 2425 1117 2484 potest
1135 2418 1168 2471 ad
1188 2433 1233 2471 cas
1251 2419 1376 2485 converti,
1390 2420 1439 2471 nisi
1452 2419 1577 2471 excitatus
1588 2432 1603 2469 a
1616 2419 1724 2483 specie·

213 2514 265 2568 bus
283 2530 298 2567 u
317 2514 397 2568 rebus
415 2515 559 2568 abstractis.
579 2515 632 2567 Erit
649 2517 793 2570 enimcum
813 2517 953 2582 praedictis
965 2516 1162 2583 explicandum,
1182 2516 1329 2570 cuiusmodi
1349 2516 1467 2570 excitatio
1479 2521 1518 2569 est
1537 2517 1592 2581 ista,
1612 2522 1640 2568 et
1653 2528 1723 2583 quo

213 2613 293 2666 uredo
312 2615 413 2680 specics
431 2613 558 2667 abstracta
578 2619 739 2680 potestesse
766 2615 791 2667 ln
811 2616 866 2667 aeie
884 2615 1079 2681 intelligentiae,
1104 2617 1167 2683 quin
1187 2619 1248 2668 tunc
1273 2616 1420 2668 necessario
1439 2617 1464 2667 ln
1488 2613 1582 2667 eodem
1601 2614 1722 2667 instante

214 2712 338 2778 lumiligat
350 2712 481 2766 obiectum
497 2712 565 2765 illius
577 2713 682 2778 special,
695 2720 721 2767 et
733 2712 867 2780 quamodo
880 2715 982 2778 species
994 2715 1087 2766 excitat
1099 2714 1172 2766 alitor
1183 2726 1263 2781 quam
1277 2711 1395 2765 iaciendo
1408 2711 1514 2777 intelligi
1527 2710 1662 2763 abiectum
1672 2730 1722 2764 »...

207 2792 212 2799 ¹
283 2811 328 2864 liis
346 2812 477 2876 expositis,
496 2811 533 2863 sle
551 2809 696 2864 concludit:
719 2810 793 2863 «ista
812 2812 873 2878 quia
893 2811 969 2877 plene
987 2824 1119 2877 exponere
1138 2812 1240 2876 neseio,
1261 2809 1320 2862 ideo
1339 2810 1423 2863 solum
1449 2816 1573 2877 tanquam
1592 2808 1721 2862 cauenda

212 2922 348 2975 propono,
367 2910 443 2976 quia,
462 2909 521 2961 lieet
539 2908 671 2975 praedicta
691 2909 785 2974 posltlo
804 2909 829 2961 ln
849 2922 878 2961 se
896 2909 930 2961 sit
946 2909 1070 2961 solemnis
1088 2915 1113 2961 ot
1131 2922 1207 2973 sana,
1226 2909 1281 2961 istis
1300 2913 1385 2961 tamen
1405 2921 1456 2962 non
1470 2906 1607 2973 diligenter
1626 2905 1723 2960 obser·

212 3008 295 3073 ratis,
315 3012 404 3073 posset
421 3021 479 3059 esse
498 3005 575 3059 vaide
594 3006 748 3073 periculosa.
767 3006 804 3060 Ei
820 3003 877 3061 ideo
892 3004 1060 3074 praedirum
1070 3004 1229 3074 positionem
1247 3004 1395 3061 sectandum
1413 3019 1441 3060 se
1454 3007 1541 3071 maen,
1563 3002 1628 3074 quia
1644 3002 1723 3058 ciro-

211 3118 277 3158 rnm
295 3102 373 3159 eatae
390 3102 550 3159 solemnium
569 3106 615 3157 mi.
635 3102 840 3159 Praediclorem
858 3106 949 3157 lemen
967 3102 1160 3173 repositionem
1178 3116 1274 3157 eertum
1291 3101 1438 3176 scrpr'cnta'cte
1456 3101 1621 3171 derelinquo.
1643 3100 1722 3166 Quin

212 3204 302 3256 himen
319 3200 376 3256 aiio
395 3200 483 3271 opinio
502 3200 582 3256 elirm
600 3214 764 3271 mapparum
782 3203 833 3265 est,
856 3199 914 3256 tileo
932 3200 969 3255 nd
985 3203 1149 3271 armenicam
1167 3199 1414 3272 utriusquepartis
1432 3198 1579 3269 respondeo
1593 3217 1618 3251 ι.

300 3299 336 3352 Ex
355 3300 395 3352 his
413 3301 565 3365 fragmentis
577 3308 699 3366 apparet,
718 3306 851 3354 auctorem
866 3302 936 3353 hune
955 3301 1063 3353 haerere
1075 3298 1186 3353 dubinm
1205 3302 1271 3353 inter
1285 3308 1423 3369 utramque
1441 3299 1594 3352 sententiani
1608 3295 1644 3349 ab
1657 3298 1723 3362 ipso

210 3399 377 3464 explicatam,
397 3398 549 3466 ipsumque,
563 3405 592 3451 nt
604 3396 680 3450 nobis
701 3397 817 3464 videtur,
837 3411 888 3450 non
902 3399 1015 3463 perlecto
1034 3405 1184 3464 perspectas
1198 3397 1321 3451 habuisse
1339 3398 1452 3449 rationes
1463 3396 1489 3448 S.
1502 3396 1721 3448 Borrrmmturae.

211 3496 383 3550 Nihilominus
394 3495 528 3562 cenulae,
550 3510 617 3563 qtrnc
631 3495 776 3549 secundum
790 3497 877 3562 ipsum
896 3497 921 3548 in
936 3495 1088 3561 explicanda
1102 3497 1151 3549 hae
1168 3497 1293 3548 sententia
1312 3494 1447 3548 observari
1468 3492 1577 3558 debent,
1597 3498 1623 3544 ei
1636 3493 1722 3546 etlam

212 3593 391 3666 difficultates,
413 3608 482 3661 qrrae
499 3594 567 3648 seiri
585 3593 694 3661 debent,
714 3596 852 3647 attentione
872 3594 967 3660 dignae
986 3609 1045 3647 esso
1072 3594 1151 3646 rtrien
1163 3607 1203 3647 ur.
1232 3593 1332 3646 'lamen
1352 3596 1377 3646 in
1397 3590 1616 3659 praecedentibus
1635 3604 1724 3657 quiae

212 3692 341 3747 stionlbus
360 3708 375 3745 n
394 3693 420 3745 S.
440 3693 624 3746 Mnauentura
642 3693 684 3745 rei
702 3693 760 3745 eius
771 3692 909 3759 ‹lisa-lpuiis
921 3693 983 3745 satis
995 3700 1020 3746 et
1032 3690 1152 3748 enahim
1163 3689 1295 3746 adhibitae
1307 3697 1333 3745 et
1344 3689 1514 3763 difflmtlinies
1527 3691 1629 3744 stricatae
1642 3696 1719 3741 sithi.
