3870 6488
85 39 539 339 ι
362 336 366 341 ,
544 39 623 321 ᾸΙ
679 320 684 333 ⁰
930 318 934 325 ·

522 342 527 358 l
565 359 581 387 'l
612 350 617 377 Ι
671 346 678 358 0
749 340 753 347 ¹

522 389 526 399 Ι

306 328 338 361 ··t

683 1104 1213 1209 DISSERTATIO

811 1337 875 1394 Qun
898 1336 1083 1385 lbltctbl'bu

218 1517 253 1601 S.
273 1517 657 1601 Bouittb‘blbunb
676 1517 980 1603 llloubutub
999 1516 1206 1600 EIUSDEM
1227 1516 1424 1601 culleis
1443 1516 1687 1602 booloudll

572 1740 839 1820 SENTENTIA
858 1739 920 1818 DE
940 1738 1022 1816 vin
1040 1738 1102 1817 AC
1122 1738 1334 1818 RATIONE

393 1968 470 2030 Qus
495 1967 748 2021 iuuerunt-:crus
772 1967 951 2020 riduculus
975 1966 1273 2019 INTELLIGIBILIA
1297 1960 1504 2019 coeuosclu

706 2173 745 2227 ln*
765 2171 992 2226 ltn'rlobluus
1011 2172 1207 2226 AETERNIS.

842 2789 1073 2858 PROOEMIUM.

305 3040 333 3104 l.
358 3037 402 3105 De
427 3037 613 3123 cognitionis
636 3038 795 3107 bcrnrnnae
818 3040 938 3106 ratione
950 3046 995 3107 tot
1011 3039 1077 3106 lere
1092 3040 1275 3119 sententiae,
1292 3039 1482 3128 procedente
1502 3039 1705 3129 saeculorum

214 3154 364 3235 decursu,
389 3155 419 3222 iu
444 3154 586 3222 medium
611 3155 752 3243 prolatae
776 3164 871 3238 srrnt,
895 3163 971 3244 qcrot
994 3156 1054 3223 riri
1078 3156 1195 3224 eruditi
1218 3158 1258 3225 de
1294 3157 1391 3225 rebus
1414 3155 1640 3244 philosophicis
1662 3176 1705 3226 ex

216 3271 346 3358 proprio
371 3270 498 3357 ingenio
521 3270 774 3358 disputauerunt.
792 3272 904 3340 Omnia
920 3280 1025 3341 tamen
1049 3273 1127 3341 baec
1150 3280 1320 3359 systemata
1342 3273 1560 3342 diuersissima
1581 3274 1622 3341 ad
1646 3273 1708 3342 tria

217 3388 359 3456 revocari
383 3394 517 3474 possunt
540 3405 657 3474 genera
680 3389 856 3457 secundum
881 3390 943 3456 tria
963 3389 1086 3477 capita,
1109 3408 1128 3456 3
1151 3389 1270 3477 quibus
1303 3408 1414 3457 eorum
1446 3396 1592 3458 auctores
1615 3408 1707 3458 suern
1826 3463 1828 3467 ,

216 3503 396 3590 opinionem
416 3504 593 3572 ordiuntur
616 3505 796 3587 deducere,
819 3505 965 3574 videlicet
988 3505 1037 3574 rel
1062 3525 1081 3573 a
1103 3504 1255 3573 sensibus
1277 3506 1438 3594 eorporis,
1461 3505 1512 3573 rel
1535 3524 1555 3572 3
1576 3505 1709 3573 ratione

216 3619 423 3686 individuali
434 3672 442 3700 ,
466 3620 517 3688 rel
540 3640 560 3687 3
582 3621 713 3687 cutione
734 3620 887 3687 absoluto
911 3629 940 3687 et
962 3620 1088 3688 diuino.
1112 3620 1172 3706 Qui
1195 3620 1366 3688 ordiuntur
1400 3639 1419 3687 a
1451 3620 1626 3700 sensibus,
1659 3628 1708 3690 ast

217 3737 261 3804 itu
277 3745 333 3819 ut,
350 3737 530 3807 dirimendo
545 3755 674 3827 sensum
698 3738 740 3805 ab
763 3736 924 3806 intellectu
947 3746 980 3805 et
1002 3737 1149 3806 sensibile
1172 3736 1214 3804 ab
1238 3736 1425 3823 intelligibili
1448 3744 1480 3805 et
1500 3743 1709 3825 utrumquea

216 3854 320 3939 prima
345 3853 497 3934 venitote,
521 3851 719 3919 inclinet-cont
733 3853 900 3933 sensibus,
916 3853 1080 3921 manifeste
1104 3853 1258 3921 rationem
1282 3853 1368 3940 turpi
1384 3851 1626 3919 materiatismo
1648 3853 1710 3921 sul·

218 3970 322 4037 ilicone
346 3969 589 4036 convincuntur.
612 4007 655 4018 —
678 3969 737 4054 Qui
761 3968 933 4036 ordiuntur
955 3988 975 4035 3
997 3969 1126 4057 propria
1149 3968 1280 4035 colione
1301 3975 1397 4055 atqcue
1421 3967 1469 4035 sui
1506 3968 1606 4054 ipsius
1640 3986 1711 4036 con·

218 4084 369 4165 scientia,
392 4083 439 4151 uti
462 4084 573 4165 aiunt,
596 4084 652 4152 sed
676 4084 719 4150 ita
743 4090 778 4151 nt
800 4084 954 4152 rationem
989 4084 1141 4152 dirimant
1168 4102 1188 4152 3
1211 4103 1307 4152 sensu
1340 4091 1436 4171 atoue
1470 4082 1666 4170 intelligibile
1692 4103 1712 4151 3

218 4200 359 4268 sensibili
384 4206 416 4266 et
439 4218 458 4266 a
480 4201 584 4286 prima
608 4200 761 4279 veritate,
785 4199 947 4287 propriam
971 4200 1125 4269 individui
1150 4201 1305 4269 rationem
1340 4199 1537 4288 proclamant
1561 4207 1710 4287 bnqtram

198 4342 200 4347 ·
221 4317 345 4384 irninrm
363 4315 506 4384 veriatis
530 4316 647 4383 iontem
670 4333 929 4403 mensuramque,
945 4323 976 4384 et
992 4316 1291 4403 independentema
1314 4333 1517 4404 quaecumque
1539 4332 1622 4402 quae
1642 4333 1713 4384 eam

221 4438 362 4500 coerceat
385 4431 572 4499 auctoritate
588 4437 620 4498 et
635 4431 746 4517 regula
755 4457 763 4513 ;
787 4431 843 4499 secl
869 4432 1030 4518 speciosus
1054 4431 1106 4499 bio
1122 4431 1234 4499 titulus
1250 4430 1381 4499 rationis
1396 4430 1636 4517 independentis
1651 4450 1713 4498 non
1795 4510 1798 4517 .

224 4547 376 4634 impedit,
400 4546 573 4633 quominus
596 4547 646 4614 isti
671 4548 825 4615 rationem
849 4547 1036 4632 demergant
1060 4547 1092 4614 in
1114 4547 1229 4615 densas
1250 4545 1489 4613 subiectioirmi
1502 4553 1533 4614 et
1549 4544 1718 4614 idealiomi

224 4663 379 4731 tenebras.
404 4701 447 4711 -
470 4662 530 4748 Qui
554 4682 574 4730 a
596 4663 700 4749 prima
723 4672 755 4730 et
770 4662 922 4730 increato
944 4662 1082 4729 ueritate
1104 4661 1340 4740 exordiuntur,
1363 4661 1418 4728 secl
1442 4661 1622 4728 dirimendo
1643 4678 1714 4728 earn

223 4781 264 4847 ab
276 4779 378 4847 activa
391 4778 521 4845 rationis
534 4785 657 4846 creatae
671 4779 798 4860 uictine,
814 4787 846 4847 et
861 4796 1045 4847 asensuum
1061 4779 1092 4845 in
1109 4778 1300 4846 exercitium
1317 4776 1415 4844 buius
1430 4776 1558 4844 virtutis
1579 4775 1716 4857 influxu,

225 4894 256 4962 in
280 4894 395 4961 laisum
418 4892 685 4979 outologismum,
710 4893 808 4961 immo
830 4894 1067 4981 pnntbeismum
1088 4892 1279 4960 delabantur
1301 4908 1429 4960 neeesse
1451 4896 1509 4960 est.

316 5009 454 5076 Erronea
477 5015 583 5076 tarrren
607 5008 686 5077 baec
709 5016 879 5094 systemata
904 5027 978 5076 3330
1000 5009 1044 5076 ita
1059 5009 1180 5088 crude,
1195 5025 1277 5095 pure
1299 5017 1332 5078 et
1353 5015 1462 5093 aperte
1485 5013 1718 5095 proponuntur,

225 5123 281 5192 sed
306 5124 496 5212 plerumque
519 5124 658 5212 quadum
682 5125 910 5211 temperatione
933 5124 1094 5193 moderato
1119 5131 1151 5192 et
1175 5123 1305 5192 induitis
1328 5123 1502 5191 uerborum
1524 5123 1615 5212 quusi
1639 5122 1720 5190 eolis

227 5239 390 5321 inuoluta3
413 5247 552 5308 attamen
575 5257 667 5307 error
691 5240 723 5306 in
747 5240 910 5328 principiis
935 5239 1080 5308 occultus
1102 5239 1252 5308 abscondi
1273 5258 1336 5307 uon
1352 5248 1455 5327 potest
1470 5238 1720 5307 in'eonsoctariis

228 5355 411 5423 inanilestis.
435 5355 511 5423 lere
533 5355 617 5424 enim
642 5372 743 5442 aeque
766 5355 982 5442 periculosum
1006 5361 1055 5423 est
1077 5355 1235 5424 elementa
1257 5363 1289 5423 et
1304 5354 1459 5443 principia
1475 5354 1617 5421 veritatis
1636 5359 1722 5421 exte

227 5488 328 5537 unare
350 5477 382 5538 et
405 5470 595 5552 diminuere,
618 5489 714 5557 quam
739 5471 903 5539 manifeste
927 5488 965 5539 03
988 5488 1114 5557 negare.

318 5586 409 5653 Teste
432 5586 650 5673 experientia,
673 5593 844 5673 systemata
868 5587 927 5654 ista
951 5586 1091 5654 breuiter
1112 5605 1132 5653 a
1154 5586 1246 5654 uobis
1275 5585 1488 5664 adumbrata,
1517 5584 1589 5653 licet
1610 5601 1724 5651 unum

228 5699 380 5788 qnodque
403 5701 512 5790 aliquo
534 5702 654 5768 nitatur
677 5701 819 5769 ueritatis
841 5702 1019 5782 elemento,
1040 5721 1100 5769 uon
1125 5709 1200 5771 sunt
1216 5702 1328 5770 idonea
1343 5702 1384 5770 ad
1400 5700 1590 5789 explicanda
1610 5699 1724 5775 omnio

338 5838 368 5883 Dc
382 5839 485 5884 lemanno
499 5840 622 5894 counitionis
636 5841 725 5884 ratione.
1606 5839 1617 5887 i
