3870 6488
940 393 945 401 ι

480 424 484 431 ,
503 420 506 425 .

459 1163 767 1283 tutotuto
809 1160 1163 1279 nitedulun
1200 1164 1405 1278 uulua

544 1452 615 1532 Fli.
635 1450 888 1533 ΜΑΤΤΗΑΕΙ
908 1451 971 1533 ΑΒ
989 1451 1321 1550 luuasruuun.

183 2228 321 2305 ὃωιωάο
350 2229 537 2325 quaeritur,
566 2230 677 2305 utrum
711 2231 864 2326 quidquid
892 2231 1166 2306 tortitudioalitor
1195 2231 1391 2326 cognoscitur
1420 2231 1598 2326 cognitione
1628 2231 1680 2304 io-

272 2346 464 2538 rtsslaetoitueli,
496 2348 699 2441 eognoooetur
732 2349 768 2421 in
797 2349 937 2423 munds
970 2349 1147 2424 rationibus
1169 2349 1218 2424 sel
1251 2350 1287 2422 in
1319 2349 1438 2424 lumine
1471 2349 1593 2444 primae
1626 2369 1680 2423 ue-

273 2698 364 2786 Quod
387 2705 495 2768 auum
518 2698 626 2799 lumen
649 2698 795 2768 naturale
817 2699 954 2769 sufficiet
976 2700 1017 2769 ad
1040 2706 1160 2786 oerum
1187 2700 1396 2790 cognitionem
1423 2701 1490 2770 siue
1518 2701 1681 2771 iulluootia

184 2814 313 2885 illarum
336 2815 513 2898 rationum,
536 2814 713 2883 ostenditur
735 2814 789 2883 sio.
1004 2797 1013 2813 ’

277 2933 304 2999 1.
328 2930 538 3019 Philosophus
564 2933 665 3015 ,tertio
686 2930 727 3000 de
750 2931 901 2998 tnima¹:
924 2956 940 2992 «
951 2931 1038 3001 Siout
1062 2932 1093 3000 io
1117 2933 1203 3001 oonoi
1227 2939 1341 3001 natura
1355 2939 1404 3002 est
1425 2951 1490 3022 ouo
1512 2940 1560 3003 est
1575 2933 1681 3003 omnia

182 3046 270 3135 fieri,
285 3053 318 3115 et
332 3063 397 3135 quo
410 3052 460 3115 est
473 3045 580 3117 omnia
593 3042 734 3133 Asooee,
751 3045 794 3114 ita
809 3052 857 3115 est
872 3045 905 3114 io
923 3045 1084 3116 intellectu
1103 3046 1170 3116 sive
1186 3047 1291 3115 aniona
1307 3072 1347 3129 »3
1369 3047 1469 3136 quuie'
1495 3048 1537 3118 ibi
1553 3056 1602 3118 est
1616 3067 1681 3137 quo

183 3168 233 3232 est
246 3161 353 3231 omnia
368 3162 489 3244 tacere,
512 3167 544 3230 et
559 3160 613 3229 ille
628 3167 677 3231 est
693 3161 871 3230 intellectus
886 3179 1000 3250 agens3
1023 3169 1055 3231 et
1077 3181 1142 3251 ouo
1157 3168 1206 3232 est
1220 3162 1326 3233 omnia
1342 3162 1430 3246 lieri,
1445 3169 1477 3231 et
1492 3163 1551 3232 iste
1573 3170 1623 3233 est
1637 3163 1681 3232 in·

185 3279 329 3349 telleotns
355 3277 523 3366 possibilis.
546 3278 606 3347 Sed
632 3277 826 3367 ubicumque
848 3285 897 3347 est
919 3277 1080 3348 sufficiens
1096 3278 1288 3368 principium
1311 3279 1451 3348 activum
1466 3280 1682 3351 otsullucieos

184 3394 376 3483 principium
398 3394 561 3483 passivum
588 3394 629 3462 ad
651 3394 774 3477 oronte,
797 3413 860 3463 uon
888 3393 1063 3483 requiritur
1087 3394 1224 3464 ulterius
1245 3413 1351 3483 neos.
1376 3396 1457 3483 lirgo
1486 3397 1593 3465 anima
1623 3416 1681 3485 per

184 3529 281 3581 suurn
296 3511 436 3580 activum
451 3516 484 3580 et
505 3528 601 3580 suurn
617 3510 766 3599 peoiole
788 3510 906 3580 suffieit
931 3511 973 3580 ad
996 3517 1115 3581 ceruam
1146 3512 1355 3600 coguitionem
1379 3513 1447 3582 siue
1477 3513 1681 3586 irradiatione

184 3625 313 3715 speciali
335 3626 386 3695 uel
409 3624 573 3695 influentia
596 3627 756 3695 rationum
779 3634 993 3696 aeternarum.
1677 3612 1682 3619 ’

274 3746 305 3812 2.
328 3742 423 3824 item,
446 3742 613 3811 liuselmus
635 3743 675 3812 de
698 3743 856 3832 Conoeptu
881 3742 1042 3831 virginali,
1065 3704 1205 3833 capitulo
1235 3744 1414 3828 undecimo,
1436 3745 1602 3834 distinguit
1629 3746 1682 3815 tri·

185 3859 298 3949 plioem
322 3878 454 3931 cursum
470 3878 599 3942 rerum,
621 3859 740 3928 scilieet
754 3858 962 3940 naturales,
984 3859 1214 3928 volontarium
1230 3868 1262 3931 et
1283 3859 1482 3929 mirabilem.
1498 3861 1681 3931 &cundum

184 3995 318 4047 oursuun
339 3975 531 4045 mturoleoo
554 3976 637 4044 suunt
658 3975 833 4059 naturalia,
857 3976 1033 4046 secundum
1064 3994 1195 4046 oursuun
1208 3976 1454 4046 'volontarium
1485 3977 1680 4061 voluntaria,

184 4112 268 4180 quoe
289 4093 428 4181 pendem
457 4092 663 4161 avoluntate
692 4097 817 4173 oreon,
840 4091 1017 4161 seeundum
1048 4110 1180 4161 cursum
1208 4090 1398 4160 mirabilem
1427 4111 1466 4162 ea
1495 4111 1578 4182 quae
1601 4092 1682 4162 luunt

184 4228 284 4298 supra
306 4214 458 4307 naturam!
477 4226 536 4296 per
566 4208 707 4277 diuinam
730 4207 911 4295 potentiam.
942 4208 1004 4277 Sed
1023 4186 1151 4277 eertum
1174 4215 1239 4290 est,
1269 4208 1355 4296 quud
1383 4215 1473 4278 aotus
1496 4208 1681 4297 cognitionis

184 4326 322 4413 pertinet
343 4325 385 4394 ad
407 4343 540 4394 cursuro
563 4324 759 4407 naturalem,
783 4338 845 4393 non
869 4323 1057 4406 mirabilem,
1080 4324 1156 4412 quia
1172 4342 1230 4394 uer¹
1252 4324 1387 4412 cognitio
1402 4332 1450 4393 est
1472 4324 1679 4393 miraculosa:

172 4459 262 4530 ‘ergo
283 4447 479 4529 potestesse
502 4460 521 4509 a
544 4440 682 4509 naturali
705 4441 822 4509 uirtute
847 4438 1037 4509 intellectiva
1059 4440 1127 4509 sine
1155 4439 1391 4528 supernaturali
1413 4447 1525 4529 agente
1556 4440 1606 4511 uel
1638 4442 1681 4510 in·

185 4557 316 4628 tinentia
337 4556 379 4627 ab
401 4556 475 4627 eo'.

274 4672 305 4742 3.
328 4673 424 4756 item,
448 4673 536 4760 llugo
559 4672 600 4742 de
622 4672 843 4754 Sacramenta,
861 4671 942 4741 libro
958 4671 1073 4760 primo,
1089 4680 1181 4761 parte
1204 4672 1321 4741 tertia⁴
1343 4671 1376 4740 in
1400 4672 1463 4742 tine
1478 4673 1572 4756 dicit,
1594 4673 1681 4762 quod

184 4789 293 4879 aliqua
314 4796 390 4858 snut
412 4806 511 4877 supra
534 4789 706 4871 rationem,
729 4788 837 4877 aliqua
860 4787 943 4857 inira
966 4788 1139 4870 rationem,
1161 4787 1270 4877 aliqua
1292 4795 1419 4877 praeter
1442 4789 1613 4869 rationem,
1628 4789 1682 4858 ali·

184 4925 250 4995 qua
270 4906 448 4975 seeundum
471 4905 636 4975 rationem.
652 4905 712 4975 Sed
736 4905 900 4974 adomnia
923 4903 994 4983 illa,
1017 4922 1100 4993 quae
1120 4903 1285 4973 subiacent
1306 4904 1417 4974 uirtuti
1440 4904 1576 4975 alicuius
1590 4923 1682 4994 agen

186 5022 241 5104 tia,
264 5020 382 5091 sufficit
395 5021 499 5090 uirtus
514 5021 637 5110 agema
659 5020 746 5091 illius
761 5022 829 5091 sine
844 5019 932 5089 alio⁸
956 5020 1151 5090 adminiculo
1166 5020 1338 5109 superiori:
1354 5039 1431 5108 ergo
1445 5020 1487 5090 ad
1503 5019 1681 5090 naturalem

276 5292 285 5329 ¹
306 5292 379 5347 lent.
399 5292 490 5346 tu-to.
510 5292 544 5360 (c.
563 5291 601 5360 5.)
618 5318 655 5331 -
672 5290 692 5343 u
710 5288 752 5343 bio
764 5288 838 5344 addit
849 5286 954 5360 aliquoi
964 5293 1023 5343 aute
1036 5301 1089 5359 quo
1101 5290 1147 5343 est
1161 5287 1218 5342 lton
1230 5286 1250 5342 C
1263 5300 1312 5354 pro
1328 5285 1367 5343 itu
1379 5288 1492 5356 collegit
1504 5287 1588 5344 itaet.

274 5389 406 5457 ‘diega
421 5388 511 5461 paod;
529 5392 550 5443 Α
568 5396 609 5443 est
627 5387 723 5443 dubluo
742 5389 865 5443 lectionis.

273 5487 324 5544 ’C
342 5488 431 5544 oddtt:
449 5486 589 5560 eoppoeuo
606 5500 711 5558 seraper
728 5485 851 5558 generali
867 5485 1069 5543 cooaernots'ooe
1086 5484 1130 5542 oet
1147 5483 1289 5556 influentia
1306 5500 1324 5541 u
1344 5486 1405 5542 uro.

275 5584 287 5622 ⁸
305 5585 339 5641 cs
360 5624 368 5640 .
388 5586 431 5640 ³⁰.
539 5602 543 5609 ·

273 5600 435 5759 *cgupoo
452 5692 479 5741 et
498 5686 523 5739 in
542 5684 595 5740 line
613 5697 683 5756 pose
701 5699 750 5753 pro
768 5698 845 5756 puu,·
863 5697 959 5739 nomeu
978 5683 1027 5741 Dei
1044 5686 1070 5739 lo
1088 5683 1145 5741 solo
1164 5682 1184 5735 B
1202 5683 1342 5740 luvenitur.
