3870 6488
220 393 285 462 aba
795 408 946 466 ouarsrm
968 406 1141 456 nisournra

219 537 412 618 concedere,
437 536 522 624 qrrod
546 553 639 605 unane
663 554 776 603 rerrrm
800 542 965 616 creatum,
988 533 1082 602 etiam
1115 532 1199 620 quoii
1225 531 1412 600 naturaliter
1440 530 1645 619 intelligitur,
1660 548 1719 619 per

219 671 310 720 suam
335 653 489 720 rationem
512 651 678 719 formalem
702 650 905 736 intelligatur.

308 771 337 835 li.
361 768 405 834 ¹-bl
431 767 510 836 illud
534 768 620 854 quorl
643 767 838 853 arguebatur
862 766 986 854 quinto,
1009 765 1106 853 griia¹
1135 765 1247 834 nititur
1274 765 1480 848 concludere,
1509 764 1595 853 quod
1625 763 1717 851 quici-

217 884 294 971 quid
319 883 507 951 naturaliter
530 882 750 968 intelligimus,
774 883 806 949 in
829 882 894 950 lieu
917 882 1133 969 intelligamus
1163 883 1246 951 sicut
1268 882 1299 949 in
1325 882 1446 950 obiecto
1478 883 1620 971 cognito,
1645 880 1718 948 ideo

218 998 336 1083 instiget
361 998 528 1066 solutione.
553 996 628 1066 Dico
651 1016 742 1084 ergo,
765 997 851 1085 qrrocf
875 997 936 1073 ista
958 998 1131 1085 propositio
1153 1004 1202 1066 est
1218 998 1299 1066 bene
1324 1016 1415 1081 rera,
1439 999 1524 1085 quod
1560 1014 1656 1083 agere
1687 996 1718 1063 in

217 1114 247 1181 io
272 1121 345 1182 actu
369 1113 502 1183 includit
524 1130 622 1200 agens
644 1131 715 1181 esse
739 1114 770 1180 in
793 1120 884 1194 actu,
908 1114 934 1180 si
959 1113 1154 1199 intelligatur
1178 1114 1218 1181 cle
1240 1114 1411 1181 existentia
1441 1113 1558 1183 actuali
1588 1130 1721 1199 propor-

216 1230 334 1297 tionata
356 1237 388 1298 et
411 1229 678 1317 correspmuente
702 1229 746 1296 illi
769 1229 885 1297 actuali
909 1229 1034 1297 actioni.
1059 1228 1147 1297 Uocfe
1162 1230 1265 1296 aurinis
1281 1230 1433 1308 essentia,
1450 1247 1533 1317 qnae
1553 1236 1626 1297 actu
1651 1247 1717 1295 mu

217 1352 269 1413 ret
293 1344 487 1413 intellectum
522 1363 652 1426 meum,
685 1346 716 1411 in
741 1352 895 1432 circuitum
928 1352 1001 1412 actn
1026 1354 1132 1412 moret
1157 1345 1351 1413 intellectum
1383 1364 1509 1425 meum,
1544 1353 1617 1413 actu
1648 1351 1720 1413 est.

217 1460 377 1548 loqrrcnlo
400 1462 440 1529 cle
463 1480 532 1529 esse
549 1461 665 1530 actuali
682 1462 919 1548 proportionum
935 1468 966 1530 et
981 1461 1248 1548 correspondente
1265 1461 1467 1530 intellectuali
1483 1461 1622 1528 motioni.
1636 1459 1720 1527 lllnd

217 1584 323 1643 autem
340 1595 409 1644 esse
427 1596 488 1644 non
506 1584 637 1645 estesse
658 1577 759 1656 ceole,
772 1576 857 1664 quod
874 1577 971 1645 babet
986 1596 1038 1645 res
1053 1585 1126 1644 actu
1144 1577 1156 1609 ³
1172 1577 1204 1644 in
1221 1595 1256 1645 re
1270 1585 1365 1645 extra
1379 1577 1533 1656 animam,
1557 1576 1632 1664 quia
1656 1574 1721 1644 tale

218 1708 288 1759 esse
311 1692 426 1759 accidit
442 1693 506 1772 rei,
532 1693 562 1759 in
579 1701 734 1779 quantum
752 1698 801 1760 est
816 1692 983 1761 intellecta.
1000 1692 1061 1760 Nec
1079 1691 1157 1760 illud
1174 1700 1307 1761 esseest
1324 1692 1403 1760 illud
1420 1692 1604 1781 essequod
1622 1690 1722 1758 lubet

217 1826 273 1873 rec
296 1808 332 1874 io
357 1807 529 1888 iraleflcctu,
547 1809 746 1876 informando
763 1809 866 1895 ipsum
884 1808 1098 1890 intellectnrn3
1114 1808 1159 1876 sic
1182 1809 1265 1876 enim
1283 1808 1424 1875 essentie
1445 1808 1560 1895 lapidis
1582 1827 1643 1875 non
1667 1815 1720 1875 est

218 1922 248 1988 in
274 1924 451 2003 intellectu,
477 1925 532 1992 sed
548 1925 670 2010 species
683 1925 769 2005 eius,
786 1925 963 1993 seeundum
981 1925 1207 2012 Philosophum
1219 1925 1312 1992 tertio
1328 1923 1369 1992 cie
1381 1925 1490 1991 bnima
1501 1923 1527 2000 ἢ
1550 1924 1636 1993 uncle
1648 1924 1721 2010 ipsa

216 2040 352 2125 species,
378 2039 577 2106 informantia
601 2039 705 2127 ipsum
731 2040 924 2107 intellectum
941 2048 973 2108 et
987 2039 1155 2108 existendo
1171 2041 1201 2107 in
1216 2040 1285 2126 ipso
1300 2039 1383 2107 sicut
1398 2040 1429 2106 in
1446 2039 1602 2120 subiecto,
1620 2038 1720 2106 babet

218 2154 337 2221 realius
360 2173 430 2222 esse
454 2162 486 2222 et
508 2155 631 2233 verius,
656 2174 751 2242 ortam
769 2155 794 2222 si
812 2156 946 2242 ipsamet
961 2163 1044 2223 esset
1060 2155 1091 2222 in
1108 2155 1321 2243 aliquoextra
1342 2155 1501 2236 animam,
1516 2154 1541 2221 si
1566 2153 1721 2241 possibile

217 2277 307 2337 esset.
325 2271 384 2338 Sed
402 2270 481 2338 illud
505 2288 592 2351 esse,
623 2271 707 2358 quod
732 2278 779 2338 cst
794 2272 960 2339 essentiale
986 2272 1048 2352 rei,
1073 2272 1104 2339 in
1120 2278 1275 2359 errantum
1299 2279 1348 2338 est
1363 2270 1534 2351 intellecta,
1549 2275 1598 2338 est
1610 2270 1721 2356 ipsum

215 2404 283 2453 osse
305 2406 499 2472 cupressum
522 2386 718 2468 intellectui,
744 2387 830 2473 qarocl
855 2386 907 2454 alii
922 2394 1035 2454 uocant
1051 2407 1118 2454 esse
1134 2395 1430 2474 repraesentatum.
1448 2386 1509 2455 lloc
1524 2393 1631 2454 autem
1647 2406 1722 2452 esse

216 2501 312 2568 babet
329 2502 492 2589 uuiclrlitas
505 2520 595 2569 rosae
613 2521 670 2589 pier
687 2520 777 2569 snam
795 2502 1045 2584 similitudinem,
1058 2520 1140 2589 quae
1155 2502 1305 2571 informat
1319 2503 1424 2589 ipsum
1438 2503 1448 2539 ⁴
1465 2502 1671 2582 intellectura,
1688 2508 1724 2569 et

217 2624 265 2684 est
289 2616 319 2683 in
339 2617 405 2703 ipso
422 2617 503 2685 sicut
519 2618 550 2683 in
568 2618 719 2686 subiecto.
745 2619 818 2685 Esse
841 2637 917 2703 ergo
940 2636 1133 2704 cupressum
1158 2617 1208 2686 rel
1230 2624 1517 2704 repraesentatum
1541 2615 1720 2683 intellectui

216 2740 263 2799 est
288 2732 367 2801 illucl
391 2751 471 2813 esse,
494 2734 579 2819 errori
603 2740 651 2801 est
673 2733 839 2801 essentiale
863 2734 922 2820 ipsi
947 2734 1114 2815 essentiae,
1138 2733 1347 2820 inquantum
1372 2738 1421 2802 est
1443 2750 1574 2800 movens
1597 2731 1722 2799 intelle·

217 2854 304 2915 ctum
329 2848 531 2917 intellectuali
556 2850 749 2936 cognitione,
774 2850 859 2937 qrrocl
896 2849 1023 2937 proprie
1046 2857 1179 2917 vocatur
1202 2868 1269 2915 esce
1304 2848 1531 2927 citationum,
1565 2848 1607 2916 ab
1640 2847 1719 2915 aliis

213 2971 321 3030 antem
345 2972 476 3031 meatur
499 2984 567 3030 esce
590 2965 744 3031 rationu.
1665 3025 1670 3033 .

304 3083 333 3147 u.
366 3081 409 3148 bel
446 3079 525 3147 illnu
560 3081 645 3167 urrotl
680 3080 876 3167 arguebatur
909 3087 1015 3162 sexto,
1049 3080 1137 3162 dieu,
1172 3081 1258 3168 quod
1291 3098 1330 3149 eo
1365 3080 1474 3162 inodo,
1506 3098 1570 3167 quo
1604 3098 1722 3165 cogno

214 3195 333 3263 scimus
356 3213 468 3264 rerum
492 3205 635 3265 creatum
660 3197 720 3264 snb
737 3196 874 3276 ratione,
890 3215 955 3283 grta
972 3214 1102 3276 verram,
1127 3196 1285 3284 loqrremlo
1308 3197 1348 3265 cle
1364 3198 1510 3278 recitate,
1534 3215 1617 3284 qnae
1639 3215 1705 3264 eon

214 3310 295 3379 sistit
319 3312 350 3377 in
374 3312 591 3381 conformitate
615 3312 655 3380 acl
679 3313 843 3380 veritatem
861 3320 1032 3380 aeternam.
1056 3313 1118 3381 seu
1134 3314 1216 3382 sicut
1240 3314 1341 3401 ipsam
1359 3314 1522 3382 raritatem
1550 3321 1719 3382 aeternam

213 3445 276 3494 nun
299 3446 470 3515 possumus
494 3428 682 3496 naturaliter
706 3447 895 3516 cognoscere
919 3429 979 3497 nisi
1004 3430 1202 3517 imperfecte,
1231 3430 1368 3499 mediate
1397 3437 1429 3498 et
1460 3431 1595 3499 obscure
1622 3437 1670 3497 et.
1686 3430 1720 3498 in

212 3543 368 3630 generali,
393 3545 438 3612 sic
461 3562 518 3613 nec
542 3545 706 3614 veritatem
731 3552 910 3625 creaturae,
942 3564 1024 3633 quae
1059 3545 1200 3614 consistit
1235 3546 1265 3613 in
1289 3546 1507 3615 conformitate
1530 3546 1569 3614 ad
1602 3545 1720 3613 recita·

213 3664 277 3727 tem
312 3669 496 3741 aeternam,
529 3678 701 3747 possnmns
739 3661 926 3729 naturaliter
958 3679 1147 3748 cognoscere
1180 3663 1241 3730 uisi
1280 3661 1478 3748 imperfecte,
1517 3660 1654 3728 obscure
1687 3667 1720 3729 et

214 3776 245 3842 in
276 3776 424 3861 generali.
456 3776 517 3845 Sed
551 3783 624 3844 aute
658 3777 740 3844 baruc
771 3776 979 3863 cognitionem
1015 3778 1126 3845 ordine
1149 3786 1283 3844 naturae
1307 3777 1464 3844 babemus
1486 3776 1581 3844 aliam
1612 3778 1720 3863 cogni·

213 3890 329 3959 tionem
348 3892 388 3959 cle
412 3910 488 3960 vero
511 3899 633 3972 creato,
658 3891 875 3977 cognoscendo
898 3891 1021 3978 ipsum,
1045 3891 1222 3960 secundum
1239 3892 1322 3980 quocl
1341 3899 1403 3973 est,
1417 3891 1608 3979 imperfecte.
1626 3892 1719 3959 tfnue

212 4025 270 4093 per
294 4009 502 4092 cognitionem
528 4007 721 4090 naturalem,
745 4025 843 4095 quiam
866 4007 1024 4075 babemus
1047 4007 1088 4075 cle
1112 4025 1189 4075 vero
1212 4014 1333 4088 creato,
1357 4007 1532 4075 secundum
1558 4007 1591 4073 iu
1625 4007 1717 4093 quocl

211 4130 273 4203 cst,
298 4124 348 4192 rel
372 4123 433 4192 sub
457 4123 592 4206 ratione,
609 4142 673 4211 qua
690 4142 803 4192 rerum
827 4132 889 4205 est,
913 4142 975 4191 non
992 4130 1096 4212 potest
1118 4123 1280 4204 concludi,
1297 4123 1382 4210 qrrod
1400 4122 1588 4190 naturaliter
1603 4141 1720 4208 cogno

212 4258 339 4309 scamus
355 4240 520 4308 veritatem
544 4249 724 4322 aeternam,
748 4241 791 4308 ita
814 4247 850 4308 ut
874 4241 914 4309 sit
939 4240 1029 4308 nubis
1052 4239 1133 4306 ratio
1155 4238 1364 4326 cognoscendi
1389 4239 1472 4306 sicut
1487 4237 1648 4305 obiectum
1666 4258 1718 4305 ee

210 4356 356 4443 gnitum,
380 4356 439 4424 nisi
463 4355 634 4442 fogitamnr
658 4357 698 4424 cle
722 4356 898 4441 cognitione
922 4356 1115 4443 imperfecte,
1139 4355 1287 4436 mediata,
1310 4354 1448 4422 obseura
1467 4361 1499 4421 et
1513 4354 1544 4421 in
1562 4354 1719 4440 generali.

301 4476 331 4540 7.
348 4473 392 4540 ,bf
418 4471 495 4539 illml
522 4472 606 4559 quud
631 4471 827 4557 arguebatur
850 4473 1001 4559 septimo,
1025 4472 1113 4553 (lico,
1130 4471 1215 4558 quui
1233 4472 1327 4552 ratio,
1344 4489 1444 4559 qnare
1461 4457 1639 4538 intellectus
1664 4488 1720 4558 po

211 4594 271 4657 test
293 4589 469 4676 intelligere
493 4606 605 4657 rerum
630 4595 772 4657 creatum
798 4588 829 4655 in
855 4588 992 4669 lumine,
1016 4606 1080 4674 qno
1105 4587 1304 4668 informatur,
1332 4605 1394 4654 non
1418 4593 1468 4654 est
1492 4587 1719 4653 tantummodo

214 4705 379 4787 intimitas,
404 4705 459 4773 secl
483 4705 559 4792 quia
581 4722 623 4771 ex
647 4705 715 4792 ipso
737 4703 900 4773 intellectu
923 4712 955 4773 et
980 4702 1114 4785 lumine,
1139 4722 1203 4791 urso
1226 4702 1474 4785 informatur,fit
1493 4700 1719 4789 aliquomodo

302 5010 310 5044 ¹
332 5011 352 5062 ft
389 5008 449 5063 trocl.

300 5107 312 5143 2
330 5023 407 5162 lquea
418 5110 499 5162 cetra
511 5108 603 5162 actum
616 5103 645 5159 ia
656 5119 687 5160 re
699 5108 789 5173 erico,
805 5113 830 5160 ot
843 5119 902 5158 mox
921 5103 1084 5160 intellectum
1103 5104 1160 5157 loco
1178 5101 1320 5169 intellectu,
1341 5101 1415 5171 oracul
1433 5102 1512 5154 etlam
1531 5101 1595 5154 infra
1609 5104 1717 5167 repetit.

301 5206 313 5241 ²
333 5207 405 5259 Text.
426 5207 467 5258 38.
488 5206 521 5265 fc.
541 5207 585 5273 8.).
692 5246 697 5255 .

300 5304 312 5338 ⁴
331 5305 349 5357 fl
368 5305 462 5358 omittit
479 5302 577 5375 ipsum.
