3870 6488
289 336 330 401 58
864 359 1015 418 ocetssuo
1039 361 1210 411 orsetr'rara

287 477 363 563 quia
385 462 648 565 donum'gratiae
671 481 822 562 iulundil,
844 490 901 550 aut
924 484 999 570 quia
1021 485 1200 553 intellectus
1224 486 1254 553 in
1279 490 1496 574 cognoscendo
1519 491 1624 578 ipsum
1645 493 1780 579 attingit.

286 592 317 659 Si
340 594 416 681 qum
438 597 627 682 generaliter
643 605 848 685 cooperatur:
865 618 942 686 orgo
958 601 1002 667 ita
1017 601 1178 671 diceretur
1194 603 1309 672 docere
1323 622 1453 673 sonsum
1470 606 1553 675 siout
1567 606 1784 689 intellectum,

286 711 372 796 quod
395 712 573 781 absurdum
597 725 653 784 est
678 716 708 783 Si
732 716 807 803 quia
830 717 950 784 donrrm
974 719 1094 804 gratiae
1117 718 1270 788 infundit:
1302 739 1379 808 ergo
1414 723 1517 791 orrrnis
1550 724 1687 812 cognitio
1720 726 1783 793 erit

286 827 423 909 gratuita
448 829 498 897 vel
522 831 635 912 inlusa,
659 831 749 899 nulla
771 851 848 919 ergo
869 834 1024 922 aocp1isila
1047 835 1098 903 rel
1122 835 1237 918 innata,
1261 839 1347 925 qrrod
1368 839 1637 909 absurdissimum
1653 848 1710 909 est
1729 843 1783 909 lle·

284 947 346 1009 stit
368 962 462 1031 ergo,
485 946 571 1034 qood
596 946 656 1016 boo
678 948 805 1027 dicitur,
827 950 903 1037 quia
926 951 1105 1021 intellectus
1128 960 1235 1021 rmster
1257 953 1298 1023 ad
1327 953 1433 1041 ipsum
1467 955 1592 1043 attingit
1626 962 1781 1045 tanquam

285 1060 327 1127 ad
352 1060 459 1129 lumen
483 1062 637 1131 mentium
660 1065 870 1135 strationem
893 1069 1100 1155 eognoscendi
1125 1088 1219 1139 orrrue
1243 1088 1365 1139 veroin.

453 1295 518 1363 Sed
539 1305 658 1365 coldra
680 1296 740 1367 boo
761 1300 944 1387 arguitur¹
969 1301 1074 1388 primo
1095 1302 1311 1383 aimmeitote,
1334 1258 1612 1373 desideratione.

885 1417 1092 1485 Auctoritote
1114 1417 1177 1486 sio:

381 1647 405 1710 l.
431 1645 553 1713 l‘riruae
567 1645 608 1713 ad
626 1646 825 1715 Timotheum
851 1648 984 1717 ultimo¹
1008 1649 1125 1719 dicitur
1148 1649 1189 1718 de
1204 1650 1285 1717 Deo:
1303 1649 1370 1733 Qui
1390 1650 1483 1717 solcas
1498 1648 1593 1719 imbet
1609 1651 1781 1719 inarmatus

287 1757 413 1829 litatem
435 1768 465 1828 et
486 1760 592 1827 lucem
615 1759 744 1829 latbitot
766 1762 1041 1843 irurcceeaibilem,
1065 1784 1162 1853 poem
1184 1765 1300 1832 cortilus
1323 1764 1497 1833 bertuinum
1520 1766 1621 1847 uidit,
1643 1767 1703 1835 aad
1723 1786 1783 1834 nee

286 1874 397 1942 uidero
422 1884 535 1962 potest.
567 1876 627 1944 Sed
662 1895 756 1946 ornue
778 1877 859 1946 illud
889 1898 954 1966 quo
989 1879 1039 1947 vel
1073 1878 1105 1947 in
1139 1898 1204 1967 qum
1237 1881 1476 1967 augustissimus,
1502 1886 1552 1950 est
1581 1882 1782 1969 cognoscenti

285 1992 483 2061 accessibile:
507 2011 583 2078 ergo
607 1992 687 2061 illud
717 2012 782 2082 quo
816 1993 866 2063 rol
890 1995 921 2063 in
944 2014 1009 2082 prro
1031 1996 1264 2082 cognoscimus,
1287 2016 1349 2065 non
1366 2002 1469 2084 polest
1483 2015 1555 2067 esse
1569 1996 1628 2065 lux
1652 1998 1784 2067 rationis

167 2110 170 2116 '
287 2109 338 2177 vel
362 2109 503 2178 veritatis
525 2116 681 2179 aeternae.

376 2230 406 2293 b.
430 2226 521 2308 item,
544 2227 738 2313 Augustinus
760 2226 865 2313 primo
887 2227 928 2295 de
963 2226 1114 2295 Trinilate
1128 2228 1156 2294 ³:
1187 2228 1330 2297 «blentis
1353 2228 1513 2299 hunuanus
1537 2228 1621 2299 acies
1643 2226 1785 2295 invalida

287 2342 319 2410 in
342 2350 405 2411 uro
428 2340 596 2410 excellenti
620 2341 691 2410 luoe
715 2362 778 2411 oon
801 2343 926 2429 sugitur,
949 2343 1008 2413 uisi
1033 2362 1091 2431 per
1115 2343 1267 2411 iimtitiam
1290 2344 1364 2413 fidu
1386 2344 1626 2413 emundetur».
1649 2343 1731 2431 Ergo
1753 2341 1782 2411 si

285 2459 345 2526 lux
369 2457 510 2527 veritatis
532 2463 679 2526 aeternae
701 2465 786 2527 esset
808 2460 888 2528 ratio
909 2459 1116 2546 cognoscendi
1148 2461 1256 2529 omnia
1279 2478 1372 2542 vera,
1406 2460 1495 2529 nulla
1527 2460 1635 2527 aniura
1668 2478 1783 2529 eumn

285 2580 489 2663 cognosceret
511 2573 571 2642 nisi
605 2572 742 2662 prugata
773 2582 806 2643 et
839 2582 956 2647 moab„
980 2575 1039 2643 Sed
1065 2575 1126 2645 boo
1148 2581 1197 2644 est
1220 2574 1349 2645 laisum:
1378 2592 1456 2664 ergo
1477 2583 1510 2645 et
1530 2575 1628 2657 illud,
1649 2594 1694 2645 ex
1717 2593 1783 2663 quo

211 2714 215 2719 ·
285 2693 441 2780 sequitur.

375 2808 405 2875 3.
430 2808 521 2888 ilem,
543 2827 627 2875 nouo
649 2807 691 2876 do
713 2806 865 2876 l'rinitato
878 2809 905 2874 ⁴:
935 2808 1049 2877 «biens
1072 2825 1148 2894 ergo
1183 2808 1267 2894 ipse,
1295 2808 1376 2877 sicut
1411 2824 1639 2895 corporearum
1669 2825 1781 2875 rerum

285 2923 428 2991 notitiam
451 2942 508 3012 per
531 2942 644 2993 sensus
666 2922 810 3010 corporis
832 2922 967 3009 colligit,
992 2922 1038 2991 sio
1065 2922 1323 3010 tomrporoarum
1347 2942 1406 3010 por
1427 2923 1678 3011 semetipsam».
1702 2922 1785 3009 Ergo

287 3039 431 3113 videtur,
453 3039 539 3128 quod
563 3039 594 3107 io
617 3038 835 3125 cognoscendo
857 3058 919 3107 uon
943 3039 984 3107 sit
1006 3056 1152 3119 neeesse,
1175 3037 1261 3127 qood
1284 3038 1441 3127 quidquid
1463 3037 1641 3124 segnescit,
1671 3056 1784 3125 mugire

286 3166 353 3227 scat
375 3178 434 3246 per
456 3158 594 3226 rationes
616 3164 770 3225 aeternas.
1012 3217 1017 3224 .

374 3279 405 3346 t.
429 3277 522 3356 ltom,
545 3274 739 3361 Augustinus
761 3272 950 3342 duodecium
972 3272 1013 3340 de
1036 3271 1188 3340 Trinitate
1201 3270 1230 3338 ⁸:
1262 3270 1487 3339 «Credendum
1510 3276 1576 3352 ost,
1599 3270 1716 3341 ruentis
1739 3271 1783 3341 in

285 3392 472 3462 tellectualis
495 3390 538 3457 ita
560 3390 718 3459 conditam
741 3408 811 3458 esse
836 3395 1001 3467 naturam,
1026 3396 1062 3456 ut
1084 3388 1182 3457 rebus
1204 3386 1455 3474 intelligibilibus
1484 3387 1622 3455 naturali
1650 3386 1784 3469 ordine,

285 3509 470 3596 disponente
492 3506 674 3587 Conditus,
698 3504 858 3586 subiecta,
881 3504 927 3573 sio
950 3505 1010 3573 ista
1034 3503 1139 3571 rideat
1162 3504 1194 3571 in
1217 3502 1355 3591 quiedam
1372 3502 1444 3571 lnce
1459 3503 1507 3571 sui
1533 3502 1659 3589 generis
1681 3502 1783 3571 inc-or·

284 3645 398 3711 pmroa,
422 3621 830 3712 quemadmodum-oculus
853 3621 958 3688 carnis
990 3619 1075 3687 videt
1102 3638 1186 3707 quae
1208 3620 1240 3686 in
1264 3618 1325 3687 bao
1346 3637 1500 3706 corporea
1523 3618 1595 3689 loce
1616 3618 1785 3689 oirromia·

284 3748 397 3809 cent».
424 3739 503 3825 Ergo
527 3737 672 3818 videtur,
694 3736 781 3825 quod
805 3735 888 3804 sicot
909 3736 948 3803 ad
974 3736 1228 3822 cognoscendum
1250 3734 1412 3803 sensibilia
1427 3734 1544 3804 suffieit
1566 3734 1624 3805 lun
1647 3742 1787 3806 natureae

283 3874 454 3942 corpmroae
469 3860 611 3933 creatae,
634 3852 779 3920 similiter
794 3851 836 3919 ad
852 3850 1062 3938 intelligibilia
1083 3850 1221 3919 sufficiat
1237 3850 1294 3919 lux
1318 3848 1493 3939 spiritualis
1507 3858 1615 3921 ereata
1632 3851 1784 3921 eiusdem

190 3951 195 3961 ’
285 3971 410 4060 generis
432 3988 506 4039 oum
530 3968 669 4057 potentia
691 3967 858 4054 cognitiva.

375 4090 404 4154 li.
427 4088 514 4166 ltem,
538 4085 708 4172 Gregorius
724 4084 755 4150 in
772 4082 942 4150 litoralibus
953 4082 973 4149 ⁶:
996 4107 1012 4143 a
1025 4082 1103 4149 Cum
1120 4100 1210 4150 triens
1227 4083 1257 4150 in
1281 4081 1544 4169 contomplatione
1563 4082 1788 4170 suspenditur,

284 4204 439 4292 quidquid
462 4204 603 4291 prolecto
625 4201 725 4281 uidet,
749 4200 834 4268 Deus
858 4218 920 4266 non
943 4204 992 4266 est
1002 4223 1034 4278 »;
1057 4198 1112 4266 sed
1138 4196 1216 4265 ratio
1239 4198 1445 4283 cognoscendi
1471 4198 1608 4285 perlecto
1630 4198 1791 4287 conspici-

285 4328 338 4390 tur
361 4323 391 4390 iu
415 4320 590 4408 cognitione
613 4315 843 4388 certitudiuali:
868 4335 944 4403 ergo
968 4314 1150 4383 huiusmodi
1176 4314 1256 4382 ratio
1279 4333 1340 4382 nou
1376 4320 1424 4382 est
1451 4315 1536 4383 Deus
1566 4330 1624 4382 neo
1657 4312 1788 4403 aliquid

284 4442 314 4508 in
339 4438 419 4506 Deo:
443 4456 519 4526 ergo
542 4444 600 4505 etc.

376 4779 384 4816 ¹
406 4782 426 4833 Α
446 4782 465 4832 n
483 4781 502 4832 E
520 4777 652 4834 obiict'lm:

373 4880 384 4915 ²
405 4880 477 4932 Veis.
500 4880 545 4945 ts,
564 4876 610 4930 obi
629 4877 741 4943 Vulgata
759 4873 891 4928 iniurbitol
909 4887 958 4939 pro
977 4869 1086 4925 attollet.

373 4976 385 5012 ³
403 4976 466 5043 Cap.
486 4978 511 5029 2.
532 4991 556 5028 n.
577 4974 646 5028 6.-
658 4974 737 5026 Paculo
755 4972 821 5025 irilra
841 4972 862 5023 b
880 4972 899 5022 ll
919 4968 1027 5023 nicilum
1044 4983 1094 5035 pro
1112 4966 1198 5023 trullo.

373 5074 384 5109 ⁴
403 5074 465 5140 (λη).
486 5076 510 5126 3.
531 5089 555 5126 n.
576 5074 601 5125 3.

371 5172 463 5239 ⁶Cap.
488 5172 525 5226 ts.
546 5187 570 5224 u.
591 5170 633 5225 et.
645 5168 775 5223 -Edilio
795 5182 844 5235 pro
862 5164 979 5223 arctisalo
998 5166 1076 5221 babet
1094 5164 1244 5221 subluencln.

370 5273 383 5309 ⁶
402 5273 470 5327 Libr.
491 5273 521 5325 V.
542 5284 564 5325 c.
584 5273 627 5325 26.
