3870 6488
214 333 234 387 ll
857 328 1041 386 caratauc.

211 461 327 543 idem
355 458 592 542 ineffabilis
621 458 816 542 veritatis
840 468 1037 541 centrum
1065 459 1189 567 quasi
1216 488 1270 540 cx
1299 456 1648 541 circumferentia
1675 466 1719 541 ct

211 593 292 675 sub
321 592 538 676 distinctis
566 603 609 675 ct
636 593 822 702 propriis
850 593 980 675 radiis
1008 593 1197 676 studiose
1226 592 1440 675 collineat.

317 727 369 808 ln
398 737 522 809 textu
563 726 718 809 horum
759 727 1066 810 anecdotorum
1100 727 1406 836 opusculorum
1448 727 1716 810 emendando

211 890 299 943 non
328 861 531 968 exiguam
561 844 834 968 diligentiam
862 860 1159 971 adhibuimus,
1189 861 1265 944 sed
1305 863 1391 970 ita,
1430 873 1479 945 ut
1517 863 1716 945 codicum

212 994 443 1077 lectionem
472 994 657 1077 fideliter
685 995 846 1104 secuti,
877 994 989 1077 nihil
1008 996 1093 1077 nisi
1112 994 1342 1078 manifesta
1360 997 1468 1078 vitia
1487 997 1717 1077 mutaveri-

213 1157 320 1238 mus,
338 1128 391 1210 de
407 1129 553 1237 quoin
572 1129 686 1211 notis
706 1128 909 1211 lectorem
928 1129 1242 1212 admonuimus.
1263 1128 1380 1213 Hinc
1400 1131 1529 1213 ctiam
1549 1129 1718 1239 aliquas

214 1262 1006 1371 propositiorreS‚secundu1nregulas
1034 1264 1341 1371 grammaticae
1370 1293 1456 1345 non
1485 1264 1589 1345 satis
1617 1292 1717 1343 con-

213 1425 359 1504 gruas,
381 1397 566 1479 intactas
584 1397 857 1507 reliquimus,
880 1398 982 1507 quia
1000 1425 1174 1480 sensum
1194 1397 1454 1480 sufficienter
1477 1398 1715 1506 exprimere

214 1532 483 1615 videbantur.
513 1583 563 1592 -
593 1531 646 1615 In
683 1531 897 1639 eligendis
933 1530 1195 1615 lectionibus
1233 1531 1500 1614 variantibus
1533 1532 1714 1612 eandem

213 1666 465 1749 methodum
500 1668 637 1749 secuti
666 1695 833 1776 sumus,
870 1695 1001 1776 quam
1037 1667 1083 1747 in
1119 1665 1391 1748 Praefatione
1428 1665 1619 1773 generali
1658 1664 1713 1747 ad

215 1802 404 1911 primum
433 1810 598 1884 tomum
637 1799 827 1910 Operum
861 1803 1055 1885 omnium
1100 1801 1139 1885 S.
1185 1801 1511 1884 Bonaventurae
1554 1801 1716 1881 indica-

215 1937 369 2018 vimus.

320 2067 427 2151 Loci
446 2068 501 2181 ab
520 2069 768 2152 auctoribus
787 2069 1044 2180 plerumque
1064 2072 1133 2153 vel
1154 2070 1264 2153 falso
1283 2070 1354 2152 vel
1383 2100 1470 2152 non
1503 2070 1715 2153 sufficicn-

214 2211 278 2283 ter
306 2202 428 2283 citati
455 2232 481 2283 a
508 2202 635 2284 nohis
661 2233 749 2285 non
778 2205 937 2312 exiguo
957 2204 1101 2287 labore
1121 2206 1312 2315 undique
1334 2206 1568 2315 conquisiti
1600 2217 1642 2287 et
1670 2208 1716 2287 in

214 2339 329 2419 notis
357 2337 536 2418 indicati
564 2346 677 2418 ‘sunt

322 2470 374 2553 In
391 2472 574 2578 gratiam
595 2500 740 2553 eorum
757 2473 832 2580 qui
847 2473 891 2553 in
908 2471 1288 2584 Scholasticorum,
1305 2477 1553 2583 pracsertim
1574 2475 1613 2559 S.
1634 2475 1715 2557 Bo-

214 2616 487 2713 naventurac‚
508 2606 705 2687 doctrina
723 2606 1025 2716 philosophica
1044 2609 1187 2690 minus
1207 2620 1309 2690 sunt
1328 2611 1496 2717 versati,
1518 2609 1716 2690 disserta-

214 2745 377 2824 tionem
393 2741 709 2850 praemisimus,
726 2742 772 2822 in
788 2770 874 2850 qua
888 2742 1027 2824 multa
1041 2743 1397 2851 principaliorum
1412 2744 1714 2850 magistrorum

215 2877 462 2958 testimonia
489 2874 542 2955 de
572 2902 773 2982 suprema
800 2874 1013 2958 humanae
1042 2876 1304 2984 cognitionis
1333 2877 1497 2958 ratione
1532 2876 1717 2958 collecta

216 3021 329 3092 sunt.

1283 3356 1367 3441 FF.
1398 3357 1606 3442 Emmaus.
