3870 6488
231 276 273 345 30
842 296 1123 346 nrssnnrsrro.

231 422 415 490 rneriiatum.
440 422 520 491 Dirit
545 422 656 508 igitur:
676 422 785 490 «lllml
810 441 922 489 munru
947 431 994 491 est
1017 423 1057 490 rle
1080 421 1228 509 sperum,
1252 423 1337 510 aprrotl
1373 424 1469 492 inaltet
1493 426 1648 495 rationem
1684 446 1731 497 re

229 539 451 624 praesentandi
477 539 604 624 proprie
628 547 660 606 et
691 538 837 607 distinete.
871 547 901 606 et
929 539 1014 625 rprorl
1051 558 1128 604 errat
1163 538 1294 605 rollone
1323 543 1598 625 reprensentomli
1634 540 1732 610 liniet

227 654 390 721 rationem
415 654 639 733 ternainonati5
660 655 742 721 sieut
766 661 851 741 prtot
876 654 906 721 in
932 654 990 721 isto
1014 654 1144 740 spernlo
1168 655 1345 733 materiali,
1372 657 1458 743 «prod
1483 659 1621 745 speeiem
1659 660 1731 727 risi·

228 770 322 837 lulum
346 770 491 838 ‹listins-te
515 778 546 838 et
569 774 697 857 proprie
722 778 938 857 repraesentat
960 779 992 837 et
1016 770 1164 837 terminat
1181 771 1296 837 visum.
1313 772 1375 839 llae
1398 782 1504 840 arautem
1532 774 1731 843 conditiones

226 892 409 973 rrirrrpetnul
433 886 562 973 sperulo
585 894 714 953 :aeterno
737 896 885 973 respoetn
910 884 1234 973 eoratpreireoror·rom
1258 888 1341 954 sir-nt
1366 895 1452 974 patet
1474 908 1514 955 ex
1543 888 1613 969 lais,
1645 908 1729 977 qrrae

225 1000 308 1069 ‹lirta
331 1010 406 1069 sunt
430 1002 547 1088 prins»
577 1002 669 1087 (lunen
692 1001 808 1071 solutio
832 1002 1011 1069 (listinrtins
1034 1001 1257 1087 explieatnra
1288 1003 1444 1071 llattlraeo
1467 1003 1508 1072 ab
1531 1006 1730 1093 squasporta

226 1136 256 1203 u.
284 1119 311 1183 l.
329 1117 369 1183 arl
390 1118 463 1201 lt).
476 1154 520 1165 -
536 1118 569 1185 ln
585 1117 740 1185 solutione
763 1118 804 1185 arl
828 1118 938 1185 olriert.
968 1120 1017 1183 lit.
1033 1118 1127 1185 etiam
1145 1118 1292 1185 retortio-m
1316 1118 1454 1201 nullent,
1478 1119 1510 1186 in
1526 1139 1592 1208 qno
1607 1120 1730 1189 reluret

226 1231 397 1301 inlellertni
424 1233 541 1301 veritas
562 1240 691 1300 aeterna
716 1252 774 1320 pro
797 1240 881 1300 statu
906 1233 993 1314 riae,
1016 1234 1167 1301 ilicetum:
1189 1234 1303 1302 «ilatio
1326 1243 1456 1301 aeterna
1478 1254 1541 1302 non
1565 1235 1635 1304 sola
1665 1254 1730 1303 mo

226 1355 278 1414 ret
300 1348 340 1414 arl
366 1348 637 1432 rognosremlnrn,
662 1348 718 1415 seri
741 1367 814 1415 rum
841 1350 973 1415 veritate
997 1348 1246 1436 principiorum,
1261 1368 1327 1415 raon
1345 1350 1534 1437 epreoioiiter
1549 1351 1589 1417 ‹la
1610 1350 1730 1431 amam

222 1462 422 1550 perrernliter
439 1463 469 1530 in
487 1472 570 1531 statu
588 1465 677 1544 riae3
694 1471 725 1530 et
750 1464 820 1531 uteo
845 1484 908 1530 mm
932 1465 1094 1553 aeqrn'tnr,
1118 1464 1207 1553 pom
1229 1465 1305 1551 ipro
1327 1466 1371 1531 sit
1395 1465 1490 1533 riolas
1514 1475 1592 1534 tanto
1614 1486 1728 1533 securr-

225 1579 307 1646 rlnna
328 1598 385 1657 ae,
408 1579 466 1645 real
487 1587 588 1664 prou-t
612 1578 888 1645 renuntiaretis·
912 1579 1015 1665 (illisa)
1044 1579 1226 1666 principiis
1258 1588 1288 1645 et
1319 1579 1356 1646 in
1388 1600 1454 1647 arro
1486 1574 1727 1667 pretermittam

225 1695 324 1761 etsie
348 1694 585 1781 quonammodo
607 1702 656 1762 est
679 1694 769 1761 nolis
793 1694 983 1762 remissiora.
1006 1696 1081 1780 oon
1105 1693 1284 1762 iutellertus
1307 1701 1415 1762 noster
1440 1694 1529 1761 nullo
1556 1696 1652 1763 morlo
1676 1714 1729 1783 po

226 1817 286 1876 test
308 1809 463 1894 rupitne,
489 1810 589 1895 ipsam
613 1828 673 1876 mm
698 1828 788 1889 esse;
812 1809 898 1896 qrrml
923 1809 1052 1896 orririem
1077 1828 1138 1875 rron
1163 1815 1264 1896 potest
1278 1810 1349 1891 sliri
1383 1809 1423 1877 rie
1447 1810 1562 1899 aliqua
1593 1810 1728 1879 sonmo

224 1902 358 1993 eneam»
380 1925 456 2009 (eir.
481 1925 575 1992 etiam
599 1925 692 1991 solnt.
718 1923 758 1991 arl
786 1926 864 2005 lit).

314 2041 389 2107 ltem
414 2040 535 2126 plrrries
551 2041 579 2106 S.
599 2041 712 2107 [lortor
728 2040 858 2125 repetit,
882 2040 958 2107 isus
984 2039 1120 2106 rationes
1144 2039 1268 2107 divinas
1284 2059 1346 2107 rron
1364 2040 1508 2127 cognosci
1528 2040 1628 2109 «aina
1642 2041 1729 2109 relo-

223 2156 312 2224 mine
327 2166 356 2223 et
367 2156 644 2242 ‹aaoojpmoanrmn
656 2156 703 2223 rrrt
716 2156 868 2241 plemma,-
883 2174 947 2222 'raon
962 2164 1064 2233 lotoe·
1081 2174 1144 2221 raon
1162 2156 1310 2235 terrilae»,
1335 2156 1390 2223 serl
1408 2156 1515 2244 potius
1525 2182 1542 2217 α
1556 2176 1598 2225 ex
1610 2166 1728 2243 porte,

222 2280 254 2339 et
276 2292 339 2358 pro
361 2281 453 2339 stratu
475 2272 591 2338 otoo».
616 2272 734 2338 (linires
758 2272 817 2337 lrao
843 2271 991 2357 lorpremli
1016 2271 1171 2338 lormulao
1207 2272 1298 2338 iuxta
1334 2271 1510 2339 certissima
1547 2272 1727 2359 principia,

221 2388 296 2455 alilti
319 2388 360 2454 alr
385 2388 453 2473 ipso
476 2388 505 2453 S.
531 2388 663 2455 Dartoro
687 2388 895 2473 prorlarnata,
921 2387 1136 2453 immediatam
1168 2387 1290 2473 primae
1320 2395 1353 2455 et
1388 2389 1546 2455 increatae
1580 2388 1727 2457 veritatis

223 2504 419 2571 intuitionem
443 2503 638 2583 omimium,
662 2506 734 2571 eruin
761 2503 974 2571 innnerliatam
1000 2504 1081 2569 nam
1106 2502 1256 2569 visionem
1281 2522 1340 2589 pro
1361 2512 1455 2571 aloto
1473 2503 1546 2571 eine
1562 2510 1665 2591 neget,
1679 2512 1728 2571 at·

222 2639 284 2706 alne
300 2627 436 2693 asse-rat,
459 2620 593 2687 eanrlem
617 2620 795 2687 necessario
820 2620 1001 2704 importare,
1024 2618 1111 2705 (primi
1134 2618 1292 2685 oller-tum
1329 2619 1456 2699 risum,
1480 2618 1512 2687 iri
1548 2627 1597 2686 est
1620 2618 1727 2701 Deum,

222 2755 283 2802 mm
306 2755 347 2802 ex
373 2742 476 2821 parta,
500 2735 555 2802 seli
580 2744 695 2813 tratum,
720 2734 875 2805 vitientur.
902 2734 973 2800 lieet
990 2752 1050 2799 nou
1069 2734 1206 2801 totaliter
1222 2733 1291 2817 (eir.
1308 2753 1408 2821 supra
1430 2752 1456 2801 e.
1482 2733 1502 2799 l.
1533 2734 1626 2819 §il

312 2852 453 2936 ltrerrinno
487 2850 570 2917 illem
606 2849 832 2936 rornprolmtnr
864 2850 921 2916 intr
954 2848 1101 2935 loquendi
1142 2849 1250 2928 uredo,
1288 2868 1352 2935 qrro
1394 2849 1533 2917 rationes
1573 2856 1725 2917 aeternae

221 2974 405 3034 assonantur
439 2983 508 3033 esse
543 2966 633 3031 rotio
666 2964 891 3051 oopnosrondi.
928 2964 1026 3031 litatio
1049 2964 1134 3030 oanni
1175 2963 1391 3051 eoprmseemli
1421 2983 1483 3031 nou
1515 2971 1564 3031 est
1592 2980 1725 3051 semper

221 3082 418 3167 errprritionir
441 3080 612 3159 olima-ton,
636 3081 748 3147 saltem
776 3080 945 3159 «limatum,
980 3079 1046 3146 sire
1077 3098 1139 3145 nou
1170 3085 1219 3145 est
1251 3078 1281 3145 iri
1305 3078 1404 3168 ‹pu-orl,
1434 3078 1490 3145 serl
1521 3096 1586 3167 pao
1609 3096 1724 3163 cogno

220 3199 320 3264 seitru·
337 3197 405 3279 (eir.
431 3196 537 3263 llattlr.
562 3196 603 3263 alr
626 3198 821 3282 ⁴lurrasparta
845 3216 874 3281 o.
899 3198 928 3260 ι).
953 3195 994 3261 ml
1020 3196 1061 3273 o;
1085 3194 1229 3261 Perlram.
1264 3194 1304 3261 ari
1340 3195 1383 3273 l;
1419 3194 1565 3261 llirlraru.
1598 3192 1639 3261 ari
1666 3195 1722 3279 a).

219 3313 305 3379 Uinio
329 3330 385 3379 nee
408 3310 530 3397 spec-ier
553 3310 789 3397 iratotlipis’rilir,
814 3328 871 3377 neo
896 3310 999 3396 ipsum
1026 3309 1134 3375 lar-rnen
1160 3307 1339 3376 tantinum
1374 3309 1504 3395 operati-r
1534 3317 1610 3377 sunt
1633 3308 1722 3377 obie-

216 3436 302 3495 etnm
328 3428 522 3507 terminans,
545 3427 602 3495 seul
620 3434 740 3494 tantum
750 3426 959 3512 prinmpiuan
976 3426 1042 3492 siro
1055 3424 1143 3491 rotio
1160 3425 1378 3509 eognosromli.
1400 3425 1462 3493 lloe
1479 3424 1571 3493 dneet
1587 3424 1619 3490 S.
1636 3424 1721 3493 Tim

219 3563 288 3610 mas
311 3544 350 3619 (l.
374 3544 457 3609 Seot.
481 3543 512 3609 ll.
537 3542 567 3609 23.
591 3562 621 3629 n.
645 3544 677 3610 i.
700 3562 728 3608 a.
764 3544 812 3625 tl.)
835 3542 940 3628 apruni
976 3541 1169 3608 intellertum
1194 3548 1339 3625 agaunum
1370 3540 1420 3607 iris
1436 3539 1557 3607 serbis:
1579 3564 1596 3600 o
1617 3538 1724 3609 (turine

217 3659 302 3745 qarorl
326 3658 513 3739 iotmtptor
536 3677 598 3724 non
624 3657 809 3741 intelligitur
845 3657 904 3723 uisi
942 3656 1135 3723 illustratum
1162 3655 1279 3722 lumino
1316 3656 1492 3723 intellectus
1527 3654 1652 3741 agentis
1687 3666 1723 3724 et

218 3782 380 3861 reroptum
405 3774 436 3840 in
460 3773 621 3840 intolleetu
645 3772 795 3858 possibili.
822 3772 908 3839 [tom
933 3772 1014 3839 sieut
1039 3771 1172 3838 inomni
1195 3770 1301 3837 rolore
1325 3770 1452 3837 vitietur
1476 3770 1584 3837 lrunen
1609 3788 1725 3859 eorpua-

218 3890 299 3969 mlo,
323 3890 365 3956 ita
388 3889 418 3955 in
442 3888 527 3955 orrmi
554 3887 739 3974 intelligibili
765 3887 892 3954 viduatur
916 3887 1023 3954 lumen
1059 3886 1237 3954 intellectus
1271 3886 1411 3973 agentis,
1440 3906 1506 3952 reon
1531 3894 1643 3953 tortian
1682 3886 1724 3955 in

216 4005 346 4071 rationo
368 4004 504 4083 tetriora,
526 4003 584 4069 soil
606 4003 642 4069 in
666 4003 795 4069 rationo
811 4001 912 4069 naertii
933 4001 1190 4087 enpuroseemtio.
1215 4001 1306 4086 Quot
1332 4002 1383 4069 lrie
1399 4000 1571 4069 ‹lieitnrde
1588 4000 1721 4071 lumine

218 4120 394 4189 intellectus
416 4120 559 4207 agentis,
591 4119 677 4206 quod
707 4125 756 4186 est
790 4118 980 4204 primipinm
1005 4119 1188 4204 proximum
1213 4124 1245 4183 et
1268 4117 1434 4204 proprium
1469 4124 1560 4185 aetus
1596 4118 1724 4187 intelle·

216 4236 346 4315 emulis,
368 4254 407 4303 rao
429 4235 529 4321 inagis
554 4235 636 4301 ralot
660 4234 700 4301 alo
723 4233 879 4319 pr·im:ipio
903 4241 1023 4301 remoto
1046 4240 1078 4301 et
1101 4233 1239 4318 perrerali
1264 4232 1423 4313 emmam,
1448 4232 1533 4320 (ruod
1568 4242 1619 4301 est
1652 4232 1725 4301 elli-

216 4352 330 4420 rientia
352 4351 446 4439 primi
472 4350 609 4418 luminis.
634 4354 776 4419 ¹-lttamon
801 4349 879 4417 nillil
902 4350 1019 4423 obstat,
1045 4350 1129 4438 qrmrl
1153 4349 1333 4429 indirecta,
1364 4350 1507 4417 retortiote
1530 4357 1564 4419 et
1586 4350 1623 4417 in
1645 4350 1723 4419 olio

215 4468 264 4552 (iri
289 4477 337 4535 est
361 4468 391 4534 iu
415 4464 543 4555 aripertus,
567 4484 662 4554 (ptumi
687 4466 767 4533 illrul
793 4466 900 4533 iruuen
928 4466 1068 4551 primum
1098 4466 1251 4552 imprimit
1283 4466 1313 4533 in
1348 4473 1495 4533 naturam
1521 4464 1722 4551 inferiorem,

215 4584 418 4669 recipientem
442 4582 521 4649 illml
539 4601 597 4669 per
621 4582 751 4649 ruoilum
775 4582 889 4665 suum)
907 4606 923 4640 «
936 4581 1154 4668 (tillemontio
1172 4590 1203 4649 et
1228 4582 1377 4668 implicite
1400 4589 1432 4649 et
1455 4582 1585 4651 crrnlnse
1602 4600 1723 4669 rogim

213 4706 331 4781 sratur,
354 4700 437 4767 siout
459 4699 553 4767 etiam
579 4699 686 4767 laneo
711 4699 888 4767 intellentus
911 4699 1055 4785 egeratis,
1079 4707 1158 4767 testo
1182 4702 1211 4766 S.
1236 4701 1375 4779 'llroma‚
1399 4700 1431 4767 in
1457 4698 1542 4767 omni
1568 4698 1723 4789 intelligi

213 4813 268 4881 luti
292 4814 490 4901 implieotnm
513 4814 621 4901 aliqno
646 4816 739 4882 mom
764 4814 947 4901 irnperieeto
971 4815 1108 4882 ridetur.
1125 4854 1169 4864 -
1185 4815 1284 4883 llarile
1300 4816 1395 4883 etiarm
1413 4815 1611 4903 intelligitur,
1626 4820 1721 4905 quod

214 4929 391 4997 intellectus
407 4948 464 5016 per
481 4928 700 5015 reinmarum,
724 4929 934 4997 alisonrrenrlo
950 4937 982 4997 et
1000 4930 1197 5011 resolvendo,
1214 4938 1388 5019 utromque
1406 4930 1514 4999 lumen
1531 4930 1591 4999 sibi
1608 4932 1722 5003 iacere

212 5046 310 5131 possit
332 5045 491 5113 olrioetnm
515 5046 672 5113 ‹lirertnm
696 5046 896 5133 moguntinum,
921 5047 963 5114 in
992 5054 1028 5114 nt
1053 5047 1189 5114 rationes
1212 5056 1359 5115 aeternas
1382 5047 1528 5115 ‹listinrte
1563 5066 1622 5134 por
1644 5068 1723 5119 con

211 5168 322 5251 reptos
345 5162 521 5229 sernmlmn
547 5161 739 5249 nnolopimn
766 5168 1038 5249 repraesentantes
1062 5180 1250 5245 orignosrere
1273 5162 1380 5250 possit.
