3870 6488
311 321 354 384 86
800 335 912 384 sanun
935 335 1188 385 nunaunnrraae
1212 336 1321 387 senne.

311 461 477 527 nominibus,
496 462 541 529 qui
561 475 622 513 nim
641 459 751 515 audiunt
768 462 882 529 aliquem
901 460 1045 514 iucundum
1064 462 1223 528 sapientem,
1241 461 1307 515 dum
1333 463 1410 516 nimis
1437 463 1593 516 suavitatem
1611 462 1685 515 rucis
1703 462 1762 514 eius
1779 468 1807 514 et

310 566 455 613 structuras
473 558 632 625 syllabarum
652 564 712 626 apte
731 560 874 612 iocatamm
892 558 971 612 arida
988 557 1116 624 audiunt,
1141 559 1262 613 amittunt
1279 561 1466 614 sententiarum
1493 560 1684 627 principatum,
1703 559 1746 611 eui
1765 559 1806 611 iiia

311 657 394 711 verba
422 662 546 726 tanquam
564 657 639 724 signa
657 658 812 711 servierunt
833 657 902 722 Vae,
920 656 965 725 qui
984 670 1013 709 se
1031 662 1184 713 avertunta
1203 656 1301 711 iumine
1319 664 1377 723 tue,
1395 662 1423 711 et
1440 656 1590 711 ebseun'tati
1608 670 1673 711 suae
1697 655 1808 711 dulciter

312 756 454 808 inhaerent„
474 754 612 822 Tanquam
631 754 701 807 enim
719 752 829 808 dorsum
848 752 882 807 ad
901 758 926 808 ie
943 758 1083 820 ponentes,
1102 752 1177 823 insea
1196 754 1292 808 earnali
1310 768 1392 823 opere
1419 753 1493 809 veiut
1520 756 1546 808 in
1565 753 1661 809 umbra
1680 768 1727 808 sua
1746 753 1808 807 deii·

312 859 426 919 guntur,
444 858 470 906 et
488 858 575 905 tamen
594 853 672 906 etiam
691 850 818 920 ibiquod
837 864 883 904 eoa
900 850 1011 906 deieetui
1035 850 1122 905 adnue
1150 851 1247 907 nabent
1264 852 1298 905 de
1316 851 1542 919 eircumiuigenitu
1569 852 1635 907 lucis
1662 857 1731 906 tuae.
1755 851 1808 906 Sed

312 950 408 1004 timum
426 948 492 1004 dum
510 955 625 1015 amatur,
644 949 836 1017 languidiorem
855 950 916 1003 iacit
932 949 1039 1004 ecuium
1057 951 1137 1004 animi
1149 958 1175 1005 et
1187 949 1368 1005 invalidiorem
1380 947 1414 1003 ad
1428 947 1614 1018 perierandum
1637 956 1809 1017 conspectum

312 1053 396 1101 tuum.
415 1048 554 1116 Propterea
574 1049 653 1102 nemo
673 1049 757 1115 magia
776 1049 914 1117 magisque
932 1046 1097 1114 tenebratur,
1115 1047 1181 1102 dum
1199 1053 1314 1104 sectatur
1332 1047 1469 1116 libentius,
1487 1047 1619 1117 quidquid
1636 1047 1810 1102 infirmiorem

313 1144 482 1199 teiiembiiius
508 1148 641 1213 exeipit».
670 1173 706 1187 -
731 1147 837 1212 uysnca
864 1148 978 1214 negantia
996 1154 1036 1202 est
1054 1146 1240 1202 sublimissima
1264 1151 1290 1201 et
1316 1148 1503 1214 secretissima,
1531 1161 1600 1215 quae
1624 1160 1676 1201 nnn
1703 1148 1811 1200 munite

315 1250 398 1298 statur
416 1245 464 1297 nisi
483 1245 592 1311 Sanctis,
615 1259 684 1314 quae
713 1244 792 1299 nabet
816 1246 872 1299 tieri
898 1259 947 1312 per
973 1259 1093 1300 umorem
1111 1248 1285 1313 exeeasivum
1304 1246 1350 1315 qni
1369 1259 1421 1299 nen
1440 1251 1480 1299 eat
1498 1247 1548 1299 nisi
1565 1246 1592 1298 in
1611 1246 1812 1299 terrentiusimis

315 1343 387 1394 airis.
407 1341 437 1394 Et
464 1343 532 1395 inane
556 1340 670 1395 doeeirat
686 1343 844 1409 apostotus,
863 1343 880 1395 i.
899 1341 959 1397 Cor.
978 1342 1030 1397 aa:
1058 1341 1225 1414 Sapientiam
1254 1340 1392 1415 inquiner
1409 1341 1481 1397 inter
1494 1341 1642 1413 perseniae,
1663 1349 1689 1397 et
1706 1340 1742 1396 de
1760 1343 1812 1396 irae

315 1439 455 1504 Dionysius
472 1438 506 1492 de
524 1438 598 1505 iiyst
612 1439 756 1507 Tireeiegia
773 1440 838 1495 «Tu
857 1447 959 1508 autem,
978 1444 1062 1497 amine
1081 1442 1231 1510 Timethee,
1250 1456 1344 1497 sensus
1362 1440 1516 1510 derelinque
1533 1448 1560 1496 et
1577 1441 1743 1496 interiectus·
1758 1446 1811 1495 eir.
