3870 6488
306 367 367 433 lbli
802 390 953 449 εεεεετιο
976 390 1148 440 nrsnrrara
1171 391 1297 449 or'nnra

301 512 398 581 babet
420 513 553 581 lormam
579 513 609 581 in
633 522 724 596 antu;
748 514 956 583 ιιιεειειιιιιεν
979 522 1105 598 aulem,
1129 515 1204 604 quia
1226 523 1275 585 est
1299 516 1329 584 in
1353 516 1492 604 polemio
1515 517 1617 585 multo
1632 516 1801 585 actualiori

300 628 407 696 anima
429 629 496 697 sive
527 630 704 699 intellectus
740 631 900 718 possibilis
930 649 1027 719 qnam
1052 633 1198 713 materia3
1222 633 1372 721 quoniam
1395 634 1529 702 materia
1552 634 1678 703 nullom
1704 634 1803 702 babet

301 745 406 812 intra¹
432 763 466 813 se
489 746 681 834 principium
703 747 865 829 activum,
889 748 975 835 qnod
999 755 1072 835 agat
1094 756 1126 817 et
1148 749 1264 817 educat
1286 749 1404 819 lormas
1420 751 1452 818 in
1467 756 1593 831 actum;
1616 750 1673 819 sed
1691 750 1802 818 anima

301 862 396 930 babet
419 862 501 930 intra
524 881 558 931 se
581 881 678 931 suum
700 864 859 946 activum,
882 864 969 952 qnod
993 882 1052 932 sna
1075 864 1195 933 virtute
1218 871 1249 933 el
1280 866 1400 934 lumine
1422 866 1538 934 lormal
1561 866 1683 954 species
1706 865 1800 935 intel·

300 978 436 1066 ligibiles
458 987 491 1048 et
513 980 663 1049 informat
684 980 886 1067 possibilem,
912 998 973 1047 non
997 987 1102 1048 tamen
1126 981 1166 1048 de
1188 1001 1234 1061 ae,
1258 988 1295 1049 ut
1316 982 1438 1051 dictum
1461 988 1519 1051 est.

390 1096 434 1165 lid
454 1098 486 1163 8.
509 1095 699 1177 dicendum,
722 1096 808 1184 quod
832 1095 1010 1164 intellectus
1033 1114 1130 1183 agens
1153 1104 1201 1165 est
1224 1096 1256 1163 in
1271 1103 1345 1165 actu
1365 1104 1512 1185 respectu
1529 1097 1708 1185 specierum
1729 1098 1803 1166 abs·

301 1211 532 1280 trahendorum
554 1230 574 1278 a
596 1212 872 1299 phantasmatibus
894 1217 926 1279 et
949 1218 1096 1298 respectu
1121 1211 1300 1281 intellectus
1323 1211 1483 1299 possibilis
1519 1212 1709 1281 informandi
1744 1232 1802 1301 per

302 1328 381 1397 illas.
405 1330 524 1397 Tamen
547 1347 609 1397 non
633 1335 777 1416 oportet,
800 1329 886 1416 quod
910 1329 951 1396 sit
985 1328 1016 1395 in
1047 1336 1120 1398 antu
1151 1329 1325 1410 mmsimili3
1348 1330 1404 1398 sed
1429 1329 1567 1410 suffieit,
1590 1330 1678 1419 qood
1699 1330 1745 1399 sit
1769 1331 1804 1399 in

302 1445 334 1512 in
366 1454 440 1514 actu
463 1445 626 1528 nobiliori,
649 1445 732 1514 sicot
754 1445 801 1513 sol
824 1444 898 1513 lacit
920 1446 1059 1533 potentia
1082 1444 1223 1513 calidum
1256 1454 1329 1513 actu
1364 1445 1520 1514 calidum:
1544 1454 1670 1535 oportet
1691 1464 1801 1534 erpo,

302 1563 387 1651 qnod
411 1563 452 1629 sit
475 1563 505 1629 in
529 1567 620 1643 actu,
644 1562 699 1629 sed
724 1580 784 1628 non
802 1561 939 1642 calidus,
963 1561 1038 1648 quia
1060 1567 1109 1628 εει
1132 1560 1164 1628 lu
1187 1568 1261 1629 actu
1284 1561 1441 1629 nobiliori.

390 1678 435 1745 ld
459 1680 488 1745 9.
513 1676 701 1758 dicendum,
725 1678 811 1764 qnod
834 1678 941 1745 anima
975 1677 1138 1746 rationalis
1172 1695 1287 1747 revera
1320 1678 1490 1766 perfectior
1525 1685 1574 1747 εει
1595 1684 1628 1747 ει
1660 1679 1803 1748 nobilior

302 1813 398 1883 qnam
422 1794 556 1862 caelum.
581 1795 617 1862 Et
640 1795 722 1863 sicut
744 1794 848 1861 lorma
870 1792 948 1862 caeli
984 1793 1134 1867 terminat
1169 1802 1271 1861 totum
1305 1794 1481 1882 appetitum
1506 1803 1538 1863 ει
1562 1792 1803 1863 inclinationem

303 1910 471 1990 materiae,
496 1909 596 1977 multo
619 1910 720 1996 magis
743 1910 846 1978 lomna
879 1909 1003 1977 animae
1038 1909 1200 1979 rationalis
1224 1910 1390 1978 materiam
1425 1926 1535 1992 suam,
1559 1910 1585 1978 si
1608 1909 1715 1979 habet
1740 1911 1807 1979 Sed

301 2046 370 2094 erae
393 2025 516 2114 duplex
538 2032 596 2094 est.
620 2025 788 2112 Quoddam
811 2032 860 2093 est
889 2042 960 2093 csse
991 2025 1164 2112 primam·
1198 2032 1230 2092 et
1253 2024 1292 2093 de
1316 2025 1377 2094 lmc
1400 2043 1513 2093 rernm
1537 2030 1600 2106 est,
1623 2025 1711 2112 quod
1736 2032 1806 2095 tam

302 2142 404 2210 lorma
427 2143 505 2211 baec
526 2160 622 2229 quam
646 2141 701 2208 illa
723 2160 814 2211 suam
838 2140 1003 2209 materiam
1021 2141 1171 2209 terminat
1186 2146 1217 2209 ει
1233 2141 1303 2210 eius
1318 2141 1493 2229 appetitum
1510 2147 1541 2209 el
1565 2139 1806 2211 inclinationem

303 2258 379 2344 figit.
404 2259 457 2327 Est
478 2258 566 2325 aliud
590 2276 659 2326 esse
681 2257 865 2325 secandum
898 2263 930 2325 et
962 2257 1173 2333 accidentale:
1208 2264 1240 2325 et
1263 2256 1303 2325 do
1328 2257 1388 2325 boo
1411 2264 1563 2325 neutrum
1587 2275 1679 2325 suam
1703 2264 1810 2327 mate·

302 2374 382 2443 riam
407 2374 539 2461 perlicit.
573 2374 650 2442 Nam
685 2375 792 2442 anima
814 2373 951 2462 aronirit
973 2372 1120 2443 scientias
1154 2379 1185 2441 et
1207 2374 1357 2451 virtutes,
1380 2379 1412 2441 et
1435 2371 1561 2441 caelum
1585 2382 1734 2441 moretur
1757 2373 1806 2441 ab

303 2490 518 2578 intelligentia.

391 2608 437 2675 td
464 2610 513 2675 lb.
537 2607 727 2683 dicendum,
751 2603 836 2694 qood
858 2606 944 2674 illius
968 2606 1048 2674 lucis
1077 2606 1118 2673 ad
1142 2606 1373 2694 phantasmata,
1397 2605 1455 2674 etsi
1483 2623 1546 2673 non
1571 2605 1612 2673 sit
1634 2604 1807 2693 proportio

302 2722 458 2792 naturalis
479 2723 732 2805 convenientiae,
755 2729 803 2792 εει
826 2731 932 2791 tamen
956 2723 1119 2811 proportio
1141 2722 1301 2791 moventis
1323 2729 1355 2790 ει
1378 2721 1467 2789 moti.
1500 2720 1582 2807 Quia
1602 2721 1688 2790 enim
1712 2721 1809 2791 intel-

303 2842 404 2911 lectus
438 2849 487 2911 εει
521 2848 624 2909 motor
657 2848 690 2911 et
710 2840 860 2928 perlectio
894 2841 1054 2928 emporia,
1077 2840 1160 2908 sicut
1182 2840 1247 2927 agit
1269 2839 1300 2907 in
1324 2857 1459 2927 corpora
1469 2838 1491 2919 ¹,
1514 2843 1618 2926 potest
1647 2854 1745 2924 agere
1772 2839 1808 2907 in

301 2961 540 3047 phantasmata,
573 2966 604 3028 et
639 2960 719 3029 illud
754 2967 887 3027 roratur
921 2958 1123 3026 illuminare.
1162 2959 1214 3027 Est
1237 2958 1331 3026 etiam
1355 2956 1418 3024 alia
1440 2956 1622 3044 proportio,
1645 2954 1806 3042 quoniam

303 3077 382 3146 illud
406 3094 561 3164 organum
585 3083 633 3145 est
656 3076 886 3145 vicinissimum
909 3076 1033 3163 spiritui
1050 3082 1081 3145 ot
1097 3075 1240 3143 fortassis
1255 3081 1304 3143 εει
1319 3073 1417 3155 illud,
1434 3091 1499 3161 quo
1522 3071 1680 3141 medianto
1695 3071 1809 3140 anima

302 3194 430 3275 unitur,
453 3199 485 3262 el
507 3192 579 3261 ideo
601 3193 703 3280 magis
725 3199 829 3281 potest
852 3193 993 3279 recipere
1016 3193 1171 3261 actionem
1196 3190 1385 3259 intellectus.

390 3310 435 3378 lld
463 3313 514 3379 ll.
538 3309 727 3391 dicendum,
750 3310 837 3397 quod
860 3328 922 3376 non
945 3315 994 3378 est
1016 3308 1058 3377 ibi
1083 3309 1155 3377 talis
1177 3307 1267 3376 ordo.
1292 3306 1392 3374 Simul
1416 3306 1501 3374 enim
1518 3305 1597 3374 dum
1621 3304 1657 3372 stt
1680 3303 1809 3373 intelle·

302 3426 396 3507 ctio³,
419 3433 468 3494 εει
491 3426 523 3493 in
547 3425 709 3494 intellectu
731 3432 764 3494 et
784 3442 802 3493 ε
825 3442 995 3505 convers03
1026 3442 1085 3493 neo
1107 3431 1156 3493 εει
1178 3423 1269 3511 prius
1293 3421 1361 3490 lleri
1385 3421 1577 3490 intellectam
1599 3438 1698 3510 qrram
1726 3438 1804 3489 esse

302 3543 334 3609 in
358 3542 536 3624 intellectu,
560 3543 611 3611 rel
634 3560 652 3611 e
674 3560 842 3623 conrerso;
865 3542 921 3610 sed
945 3541 1040 3609 simol
1066 3547 1158 3623 sunt;
1182 3539 1265 3608 sicut
1286 3540 1392 3608 anima
1415 3538 1513 3607 simul
1540 3544 1668 3607 creatur
1691 3543 1725 3606 et
1763 3537 1810 3606 in-

302 3659 462 3742 funditur,
486 3677 545 3728 nec
578 3658 669 3746 prius
691 3666 739 3727 est
770 3659 872 3727 creari
907 3677 1003 3746 quam
1038 3657 1171 3725 ininndi.
1197 3657 1279 3725 Dum
1303 3656 1389 3724 enim
1413 3653 1534 3742 species
1556 3660 1605 3723 εει
1628 3654 1660 3722 in
1685 3653 1807 3722 ultimo

302 3776 470 3857 sensitivo,
494 3782 543 3844 est
577 3775 609 3842 in
641 3775 754 3843 ultima
778 3774 982 3863 dispositione
1017 3775 1058 3843 ad
1091 3774 1166 3855 hoc,
1190 3773 1276 3861 qnod
1300 3771 1356 3839 frat
1378 3776 1453 3838 actu
1476 3769 1644 3839 intellecta
1670 3770 1707 3838 Et
1729 3770 1807 3841 ideo

302 3892 482 3962 intellectos
505 3909 603 3979 agens
625 3910 684 3959 sua
707 3892 826 3960 virtute
849 3892 965 3960 lormat
988 3898 1020 3959 et
1042 3896 1167 3977 coaptat
1189 3907 1260 3957 eam
1295 3866 1476 3957 intellectui
1503 3885 1646 3974 possibili
1670 3893 1704 3955 ει
1727 3886 1807 3957 lacit

301 4027 372 4076 eam
397 4007 587 4078 intellectam
611 4008 642 4076 iu
666 4014 751 4090 actu,
774 4008 870 4076 simul
894 4014 999 4076 tamen
1023 4012 1208 4093 utrumque.

390 4125 434 4195 llo
462 4128 512 4192 lb.
536 4125 725 4206 dicendum,
748 4125 834 4212 quod
858 4124 976 4192 veritas
999 4124 1065 4192 sire
1089 4122 1231 4191 veritatis
1262 4119 1371 4188 notitia
1394 4139 1456 4187 nou
1480 4118 1699 4206 concipilare
1723 4138 1796 4188 aen·

301 4242 392 4310 sibus
413 4238 553 4331 effective
576 4241 627 4310 rel
653 4238 861 4328 formaliter,
885 4247 990 4308 tamen
1025 4238 1203 4326 concipitur
1236 4236 1458 4304 rnabricliter
1481 4243 1514 4305 et
1535 4234 1627 4323 quasi
1651 4234 1805 4305 miniate-

300 4359 463 4427 rialiter:
488 4359 561 4427 inde
584 4359 669 4427 enim
703 4357 847 4445 aliquid⁴
882 4356 1098 4437 ministratur,
1132 4373 1198 4442 qno
1231 4359 1279 4421 est
1313 4352 1450 4439 cognitio
1485 4350 1637 4421 veritatis
1669 4350 1810 4439 Propter

300 4477 386 4562 qnod
402 4474 443 4543 ad
459 4474 602 4542 notltiam
618 4473 760 4543 veritatis
776 4478 972 4541 concurrunt
996 4471 1072 4540 tria:
1090 4470 1210 4539 scilieet
1226 4467 1347 4557 species
1362 4473 1492 4557 accepta
1509 4486 1529 4535 a
1544 4467 1692 4537 sensibus
1708 4470 1808 4557 quasi

392 4797 400 4832 ¹
420 4796 471 4852 Cl)
489 4796 532 4864 ait,
553 4798 631 4849 etlam
651 4794 805 4847 lutra-ln
825 4791 961 4847 codicibus
979 4800 1038 4859 post
1056 4794 1124 4845 lianc
1142 4792 1297 4845 solutionem
1317 4789 1563 4855 ordlnelmmututo,
1577 4788 1697 4856 seqrrltur
1710 4788 1811 4843 solutio

303 4895 336 4949 ad
357 4896 397 4948 lb.
417 4900 443 4948 et
464 4896 502 4961 ll,
521 4899 548 4947 et
565 4892 660 4946 deindo
678 4892 712 4945 od
731 4892 755 4945 ⁸.
775 4898 801 4945 ot
819 4893 845 4944 9.

391 4994 403 5029 ²
422 4994 440 5046 lt
459 5007 507 5048 cor
526 5006 565 5047 aa.

391 5091 404 5126 ³
423 5091 442 5143 ll
459 5007 607 5154 intellecta·
627 5088 679 5141 Cb
697 5088 765 5142 mole
783 5084 940 5141 abialbolus.
961 5086 1020 5138 l‘ost
1038 5088 1077 5139 est
1095 5086 1201 5151 supple:
1220 5086 1323 5151 speclea
1342 5081 1518 5148 intelllgibllis.

392 5188 403 5225 ⁴
421 5188 472 5243 Cb
490 5188 518 5244 ιε’
534 5186 606 5243 enim
623 5199 718 5241 aenaea
745 5183 850 5255 aliquid
868 5198 917 5250 pro
935 5182 996 5239 inde
1014 5181 1086 5239 enim
1103 5181 1215 5253 alipbbl.
1235 5183 1291 5235 lllor
1310 5182 1330 5234 b
1353 5176 1426 5251 qaod
1442 5180 1482 5235 eal
1506 5175 1667 5248 monitionis
1686 5178 1808 5235 molaria

304 5295 361 5347 loeo
379 5302 432 5360 qao
451 5290 490 5345 est
508 5284 623 5358 εεεείιὶο
644 5282 770 5340 ueritatis.
