3870 6488
793 822 842 869 ra.
866 819 1034 869 narrares.
1604 801 1665 868 lat

169 945 240 1013 ideo
262 951 387 1032 oportet
410 965 528 1033 ponere
549 945 728 1014 subiectum
752 944 929 1013 seeundum
954 943 999 1011 rei
1024 943 1208 1022 veritatem
1232 944 1288 1011 sed
1310 942 1386 1030 qnia
1413 962 1454 1011 en
1484 943 1546 1011 alia
1575 951 1666 1030 parto

168 1069 217 1129 est
238 1062 345 1129 solnm·
366 1063 512 1132 arridens
535 1062 713 1131 secundom
736 1061 905 1141 rationem,
930 1060 1000 1128 idm
1023 1078 1085 1127 non
1109 1067 1233 1146 oportet
1256 1079 1375 1147 ponere
1398 1060 1578 1127 snbieetnm
1603 1059 1663 1127 nisi

169 1177 345 1246 meandum
371 1178 534 1246 rationem.
558 1177 654 1245 -Si
679 1186 856 1265 rtrpeotnr,
880 1176 963 1244 sient
986 1175 1122 1261 urgebat
1143 1175 1183 1243 de
1207 1176 1262 1243 illa
1284 1176 1475 1263 qaidditale,
1500 1176 1525 1242 si
1549 1184 1598 1243 est
1612 1175 1667 1242 ali-

169 1293 245 1382 quid
269 1301 327 1362 ant
348 1293 442 1361 nihil:
467 1295 492 1363 si
517 1294 652 1381 aliqnid,
676 1301 732 1361 ant
754 1293 901 1361 aeeidens
924 1299 980 1360 ant
996 1293 1186 1369 substantia,
1210 1300 1266 1360 ant
1282 1299 1406 1361 ereator
1421 1299 1478 1361 ant
1500 1299 1666 1371 ereatnra3

169 1409 262 1489 (lieo,
285 1411 370 1497 qnod
395 1429 457 1478 non
480 1409 583 1489 oibit,
607 1410 663 1478 sed
686 1410 825 1499 olipaid.
850 1410 910 1478 Sed
934 1410 1009 1497 qnia
1032 1429 1095 1476 non
1117 1409 1239 1496 aliquid
1262 1415 1350 1490 aetn,
1375 1408 1449 1477 nee¹
1486 1408 1665 1476 substantia

166 1545 224 1594 nee
246 1526 411 1606 aeeidens,
434 1545 492 1594 nee
516 1527 576 1593 lme
599 1544 657 1594 nee
680 1526 761 1594 illml
774 1550 783 1607 ;
808 1525 861 1593 illa
882 1526 967 1594 enim
990 1533 1039 1594 est
1062 1525 1176 1593 divisio
1200 1542 1309 1592 rernm
1337 1530 1413 1593 aetu
1447 1522 1665 1592 existentium.

167 1644 349 1710 Praetereo
372 1642 551 1710 intellectus
573 1641 759 1730 onidditatis
781 1642 938 1710 abstrahit
965 1642 1006 1711 ab
1031 1643 1117 1710 omni
1140 1662 1218 1708 eree.

254 1758 299 1825 ml
328 1760 376 1824 le.
401 1757 586 1837 dicendum,
609 1757 696 1840 onod
719 1756 978 1844 superexislons’
995 1764 1043 1824 est
1058 1756 1278 1843 cognoscibilis
1293 1764 1325 1824 el
1342 1753 1558 1841 intelligibilis.
1575 1755 1666 1839 ererd

168 1880 274 1941 antem
297 1872 374 1940 dieit
397 1872 579 1958 Dionysias,
603 1872 705 1939 boam
733 1892 795 1939 non
822 1892 892 1941 esso
924 1873 1167 1959 cognoscibilem
1195 1872 1245 1941 rel
1278 1870 1525 1958 intelligibilem,
1558 1869 1668 1937 intelli·

169 1988 309 2073 genrlnm
333 1994 395 2068 est,
415 1987 527 2074 plene,
551 1987 633 2056 sient
655 1994 704 2057 est
726 1989 959 2075 cognoscibilis,
982 1996 1014 2057 et
1037 1989 1168 2057 seientia
1190 1984 1478 2074 enrrrprelmeriom
1502 1986 1577 2073 qnia
1608 1985 1695 2101 ⁵⁰¹³ae

168 2102 226 2170 sibi
252 2110 300 2172 est
322 2102 635 2190 eomprelrensibilis3
658 2111 707 2172 est
730 2110 836 2171 marren
859 2104 1078 2191 cognoscibilis
1110 2104 1219 2171 notitia
1252 2101 1495 2190 oppredeaaioo
1518 2108 1549 2170 et
1583 2101 1667 2190 poio

169 2226 216 2285 ert
238 2225 269 2286 et
292 2218 375 2307 qnid
396 2228 461 2297 eat,
487 2218 557 2287 lieet
581 2238 642 2285 non
667 2218 760 2305 plene
783 2227 814 2287 ot
837 2219 984 2304 prebete.

257 2333 301 2401 lld
328 2336 377 2400 ll.
402 2333 592 2414 dieendnm,
616 2335 702 2421 qnod
719 2334 804 2401 Dens
819 2335 979 2417 eopnoseit
994 2353 1045 2402 res
1062 2334 1201 2415 fiendas,
1224 2334 1298 2421 qnia
1315 2332 1411 2401 babet
1427 2351 1537 2402 rernm
1553 2350 1665 2400 narrem

168 2448 322 2534 praeliata
343 2456 377 2517 et
397 2449 600 2536 exemplares
623 2450 774 2528 rationem
798 2449 975 2518 inlelleetus
996 2459 1105 2518 antem
1128 2449 1290 2517 hamanus
1318 2467 1381 2516 non
1419 2454 1521 2534 potest
1555 2466 1668 2531 eogno-

169 2580 258 2631 seem
280 2563 407 2646 lutura,
429 2582 512 2652 qnare
536 2584 597 2632 non
614 2566 732 2633 liabent
747 2584 860 2634 eaarsas
877 2567 906 2633 in
932 2573 1067 2646 natura,
1090 2564 1149 2633 nisi
1166 2583 1223 2651 per
1247 2564 1412 2632 divinam·
1430 2563 1665 2644 revelationem,

168 2678 253 2764 apud
276 2698 374 2767 quem
396 2688 471 2749 sunt
495 2681 632 2748 rationes
656 2681 845 2748 frendornm.
871 2683 987 2749 Tamen
1011 2681 1087 2768 qnia
1112 2681 1208 2749 rebus
1228 2680 1440 2749 existentibus
1455 2678 1591 2766 acquirit
1607 2679 1667 2747 sibi

170 2796 290 2882 speeies
314 2813 440 2876 rernm,
466 2796 554 2875 ideo,
578 2797 676 2865 rebus
699 2796 937 2878 desinentibus,
961 2796 1120 2883 eognoseit
1142 2814 1194 2864 res
1217 2814 1276 2883 per
1298 2795 1419 2882 speeies
1443 2796 1523 2863 illas.
1553 2796 1668 2879 Quam-

171 2910 219 2979 vis
238 2910 323 2979 enim
347 2930 411 2979 aon
434 2912 553 2981 lrabeat
575 2913 714 2981 rationes
735 2911 902 3000 sertitem,
927 2913 1023 2980 babet
1046 2921 1149 2981 brnen
1176 2912 1314 2980 rationes
1335 2900 1458 2998 foetor.

256 3028 300 3095 ad
328 3030 377 3095 l8.
402 3034 508 3116 posset
531 3028 716 3116 responderi
740 3048 798 3116 per
822 3029 996 3115 superiora.
1021 3028 1102 3114 Quia
1125 3028 1168 3095 ibi
1192 3034 1240 3096 est
1263 3027 1375 3095 relatio
1399 3026 1575 3095 seeundum
1600 3023 1670 3091 diei

171 3143 237 3211 sire
258 3144 436 3212 seenndnm
460 3144 626 3211 rationem
648 3162 688 3213 ex
715 3151 805 3232 parte
827 3144 974 3223 scibilis,
1000 3144 1175 3213 seeundum
1200 3163 1268 3210 ease
1290 3148 1333 3211 ex
1363 3150 1454 3231 parte
1482 3143 1661 3210 aeieetioe:

172 3258 243 3327 ideo
266 3279 327 3327 non
351 3267 476 3347 oportet
498 3280 616 3348 ponere
639 3261 747 3351 scibile
772 3261 804 3329 in
827 3279 919 3342 esse,
943 3261 999 3329 sed
1023 3261 1054 3328 in
1079 3261 1209 3329 ratione.
1223 3260 1340 3329 -Sed
1362 3259 1448 3347 qrrod
1466 3259 1558 3338 dicit,
1582 3259 1668 3346 qraod

171 3376 267 3445 realis
290 3377 402 3445 relatio
423 3397 487 3451 noa
510 3384 558 3446 est
582 3377 640 3446 nisi
664 3378 706 3445 ad
730 3378 840 3459 renl⁴,
864 3385 896 3446 el
917 3378 1004 3465 qarod
1027 3378 1129 3464 magis
1152 3377 1309 3463 dependet
1332 3375 1373 3442 ab
1395 3376 1519 3444 obiecto
1534 3392 1666 3462 qnama

170 3492 326 3573 subiecto,
349 3492 425 3578 quia
447 3493 655 3561 relativorum
678 3513 746 3561 eree
769 3501 817 3561 est
839 3493 887 3560 od
909 3492 1006 3560 alind
1027 3513 1061 3561 ee
1084 3490 1224 3571 tieem,-
1240 3492 1326 3571 dieo,
1339 3492 1424 3579 qnod
1443 3497 1538 3578 pront
1553 3489 1666 3558 relatio

171 3608 249 3677 dicit
270 3609 436 3689 arrideas,
460 3610 561 3695 magis
584 3609 743 3696 dependet
776 3628 795 3676 a
822 3608 965 3677 subiecto
999 3608 1029 3675 in
1054 3627 1119 3696 otro
1141 3615 1204 3690 esl3
1239 3615 1335 3696 prout
1357 3607 1404 3674 ed
1436 3606 1570 3696 olipaid
1602 3607 1670 3675 sire

169 3724 402 3806 habitudinem,
422 3726 521 3812 magis
538 3725 695 3812 dependet
717 3725 759 3793 ab
781 3726 921 3807 obieeta,
944 3725 1019 3812 qnia
1042 3725 1083 3793 ad
1109 3725 1187 3793 illud
1211 3732 1276 3805 est3
1299 3732 1331 3792 et
1346 3724 1447 3806 addo,
1472 3724 1557 3811 quod
1576 3724 1670 3792 realis

169 3839 281 3908 relatio
304 3848 352 3908 est
375 3841 415 3907 ad
440 3860 526 3917 rem;
549 3840 590 3908 ad
615 3858 683 3908 rem
708 3842 818 3928 ntipne
841 3848 902 3922 est,
925 3841 982 3908 sed
1006 3841 1046 3907 ad
1072 3858 1141 3909 rem
1157 3840 1333 3908 seeundum
1352 3840 1482 3907 nimium
1499 3840 1670 3926 etexigon

170 3956 245 4023 tiam
270 3955 325 4023 rei.
352 3956 387 4023 m
409 3956 485 4043 qnia
508 3957 549 4024 de
572 3956 693 4024 ratione
716 3955 802 4025 illias
827 3976 887 4024 nnn
910 3963 972 4037 est,
996 3956 1082 4045 qnod
1106 3956 1147 4024 sit
1162 3962 1252 4036 aetn,
1277 3973 1335 4023 nee
1357 3955 1443 4043 onrrd
1457 3955 1573 4023 lrabeat
1587 3974 1668 4036 esse,

170 4070 228 4139 sed
252 4071 338 4158 qnod
362 4073 404 4139 sit
427 4078 549 4140 tantam
572 4071 855 4159 apprehensibilis,
878 4078 910 4140 et
933 4080 1083 4160 conrepta
1105 4071 1147 4139 ab
1170 4072 1329 4140 intellecta
1354 4078 1386 4139 ot
1408 4071 1508 4139 relata
1538 4072 1579 4139 ad
1609 4071 1670 4159 pri-

169 4207 260 4256 mum
283 4189 467 4276 exemplam
492 4189 563 4257 ideo
585 4188 626 4255 ad
651 4188 747 4255 talem
770 4206 838 4255 rem
863 4188 935 4256 telis
957 4195 1005 4256 est
1029 4189 1124 4257 realis
1146 4187 1267 4256 relatio.

259 4305 304 4372 lid
330 4308 379 4372 lll.
404 4305 484 4386 dieo,
508 4306 594 4393 qnod
618 4304 793 4390 intelligere
816 4313 971 4390 qnantum
996 4304 1109 4372 adsui
1135 4303 1269 4371 initiam
1299 4303 1460 4391 quodrlam
1490 4303 1566 4390 poti
1601 4310 1670 4383 est,

167 4420 226 4487 sed
249 4428 403 4507 qrrztntnm
427 4421 468 4488 ad
491 4421 541 4489 sni
565 4420 835 4508 eorreptementnm
858 4428 906 4487 est
940 4420 975 4486 ia
999 4428 1087 4487 aetra.
1114 4419 1261 4505 lleeipero
1284 4419 1368 4487 enim
1403 4426 1453 4487 est
1489 4420 1575 4506 pati,
1610 4420 1667 4488 sed

168 4534 310 4603 iudieare
332 4544 364 4603 ot
387 4536 568 4605 discernere
591 4536 745 4604 aelionem
775 4537 894 4604 dimmt.
931 4536 1034 4603 Primo
1068 4554 1144 4622 ergo
1179 4535 1300 4622 patitur
1323 4573 1367 4584 -
1390 4554 1428 4604 eo
1452 4536 1570 4617 modo,
1605 4555 1670 4623 qno

168 4652 311 4739 reeipere
332 4662 381 4722 est
404 4653 468 4741 pali
491 4692 536 4702 -
559 4673 578 4720 a
601 4654 708 4732 rebns,
732 4654 773 4719 a⁵
795 4653 918 4739 qnibns
937 4652 1067 4738 arripit,
1095 4650 1145 4719 rel
1172 4671 1191 4719 a
1215 4651 1508 4738 plrantasmatibns‚
1535 4658 1671 4739 postmo

167 4770 249 4838 dnm
272 4789 348 4839 vero
370 4771 449 4857 agil3
472 4778 503 4838 et
527 4770 597 4837 iden
623 4788 683 4835 mm
708 4775 852 4855 oportet,
876 4768 961 4855 qnod
986 4786 1113 4854 seraper
1137 4767 1177 4835 sit
1200 4786 1311 4853 agens,
1336 4767 1397 4836 nisi
1428 4768 1509 4835 torto
1534 4767 1670 4835 velimus

167 4886 291 4966 dicere,
314 4894 350 4953 ul
373 4886 493 4954 dietum
517 4892 582 4966 est,
604 4886 691 4973 qnod
715 4886 835 4972 patitur
858 4884 890 4951 in
913 4902 966 4965 eo,
990 4885 1075 4971 qnol
1100 4889 1247 4952 movetur
1269 4902 1289 4951 a
1314 4883 1490 4951 rationibus
1520 4883 1669 4951 aeternis.

170 5029 492 5042 ‚m

261 5127 270 5163 ¹
292 5127 422 5193 intellige:
441 5127 501 5180 ldeo
520 5140 569 5181 nee
586 5133 626 5179 rst
643 5125 786 5180 substantia
806 5134 856 5180 etr.

260 5225 271 5261 ²
290 5226 391 5279 Scilimt
410 5225 487 5278 Deus.
506 5252 543 5264 —
560 5225 582 5277 ll
600 5226 662 5291 lega
680 5223 858 5293 eoprmacibile
876 5228 902 5279 et
919 5223 1083 5293 intellipilri'o
1102 5239 1151 5292 pro
1170 5222 1355 5293 ropnoaeibilia
1375 5226 1401 5277 el
1419 5221 1602 5293 inlellipibilia.

260 5322 325 5376 ³lta
344 5321 489 5391 incongruo
507 5323 584 5377 codd.
605 5324 661 5376 loeo
680 5322 737 5389 Dm',
759 5324 923 5392 pmlmleqne
943 5325 964 5376 ll
982 5326 1050 5376 marite.
1070 5324 1132 5390 leglt
1149 5321 1224 5392 opud
1241 5336 1332 5393 pamm.
1353 5323 1449 5375 llrrab
1474 5322 1494 5375 Il
1518 5320 1597 5376 bribrl
1620 5337 1670 5388 pro

169 5420 277 5478 moror.

261 5520 271 5555 ⁴
291 5521 313 5573 b
331 5534 395 5575 esar.

260 5618 272 5655 ⁵
290 5619 479 5684 Supplorimus
496 5621 717 5685 praepositionem
735 5633 768 5686 o,
790 5634 858 5687 qam
878 5623 985 5687 propter
1003 5619 1164 5685 praerodens
1182 5632 1200 5673 o
1217 5618 1344 5671 excidisse
1363 5616 1476 5671 ridetur.
1494 5617 1521 5669 ln
1540 5618 1669 5685 prlmlplo

96 5748 101 5758 ·
170 5718 307 5771 solnlloals
324 5717 346 5770 l)
364 5731 446 5772 aarum
466 5717 524 5769 loeo
541 5717 594 5771 ani.
