3870 6488
316 344 357 413 tal
892 360 1042 422 oeucsrro
1066 357 1237 411 nisarrsru

315 490 434 559 relucet
458 489 489 557 ia
513 489 601 558 snis¹
629 489 791 576 principiis
813 496 845 557 ol
870 488 899 554 ia
923 506 982 555 sua
1005 487 1227 575 gerieralitalc3
1250 494 1281 553 et
1312 485 1355 554 sic
1380 486 1518 573 (pliadum
1535 488 1630 555 turrido
1654 495 1701 557 est
1716 466 1826 555 nelis*

315 607 508 687 certissima,
531 607 606 692 piria
631 604 808 673 intellectus
831 611 936 671 nostor
972 603 1060 669 atillo
1091 603 1185 669 turrido
1208 610 1310 688 potest
1333 603 1486 688 rogitato,
1512 603 1611 689 ipsum
1636 623 1698 670 non
1720 622 1805 681 esse3

313 721 399 808 qrrod
424 720 553 808 quidam
579 740 641 787 riou
665 726 769 807 potest
791 718 852 787 diei
877 719 917 786 de
940 719 1047 806 aliqum
1072 719 1203 785 verituie
1226 725 1340 785 ereata.

406 839 455 902 17.
480 835 525 903 td
550 834 627 903 illud
652 834 740 922 quod
775 834 924 902 obiicitur
958 834 998 901 do
1030 834 1173 921 speculo,
1198 833 1386 914 dicerulnrn,
1409 834 1495 921 epirod
1522 833 1601 901 illud
1625 852 1737 901 verum
1762 841 1809 900 est

313 952 353 1020 dc
370 951 509 1039 spoenlo,
532 951 619 1038 quod
643 949 738 1018 trahet
762 951 915 1018 rationem
939 950 1195 1037 repraesentandi
1209 949 1348 1036 proprio
1363 956 1394 1016 ei
1409 949 1571 1029 ilistiactc,
1587 959 1620 1018 ot
1633 950 1719 1037 quod
1736 967 1809 1016 cum

314 1069 435 1135 ratione
460 1066 717 1154 repracsentaruli
743 1066 838 1133 liaiiet
862 1066 1027 1133 rutioaern
1051 1065 1270 1143 terariauruli,
1295 1066 1376 1133 sicut
1408 1072 1494 1151 putet
1532 1065 1562 1132 in
1588 1066 1647 1133 isto
1681 1063 1812 1152 speculo

314 1183 482 1263 aratoriali,
505 1182 591 1270 quod
615 1182 751 1268 speeiem
789 1182 944 1250 risibilem
968 1182 1114 1250 distinete
1137 1188 1169 1250 et
1203 1182 1331 1269 proprio
1355 1188 1572 1268 ropiracseatat
1600 1189 1631 1248 et
1662 1181 1811 1248 letaniam

313 1300 428 1366 visum.
447 1298 508 1365 liae.
523 1304 630 1365 airum
648 1297 842 1365 conditiones
858 1304 1041 1385 competunt
1058 1297 1115 1386 ipsi
1130 1295 1142 1334 ²
1159 1297 1288 1384 speculo
1303 1304 1432 1365 etolorno
1449 1304 1594 1383 respectu
1607 1294 1812 1383 coricprclrea·

312 1432 449 1491 seruat,
473 1412 555 1480 sicul
580 1419 665 1500 patet
687 1430 729 1480 ex
753 1413 803 1480 iiis
827 1430 910 1499 qliae
933 1413 1017 1481 dieta
1040 1420 1116 1481 sunl
1139 1413 1239 1501 prius.

405 1531 456 1595 i8.
480 1528 525 1595 dd
549 1528 629 1595 illud
652 1528 738 1615 quod
763 1527 928 1609 cliiicilar,
952 1529 1037 1616 queid
1063 1528 1135 1596 illac
1159 1529 1296 1596 rationes
1320 1536 1394 1597 suat
1418 1546 1519 1615 aeque
1535 1534 1640 1597 certem
1663 1534 1812 1614 respectu

313 1644 580 1730 contingentium,
597 1645 679 1711 sieut
695 1651 842 1731 respectu
865 1645 1133 1726 necessariorum
1157 1645 1343 1727 dicendum,
1367 1645 1453 1732 qirod
1471 1645 1524 1712 ilia
1548 1646 1630 1712 ratio
1645 1644 1726 1711 bene
1743 1662 1815 1711 con-

313 1760 466 1840 cludcret,
482 1759 507 1826 si
526 1759 662 1827 rationes
686 1758 758 1826 iliae
774 1766 879 1827 essent
895 1766 959 1828 tota
983 1761 1063 1827 ratio
1085 1762 1311 1847 cognoscendi,
1334 1769 1366 1829 et
1382 1761 1407 1827 si
1425 1762 1455 1828 ia
1484 1761 1547 1829 illis
1571 1762 1735 1829 riilorelur
1750 1760 1816 1847 ple
1927 1823 1929 1829 .

313 1875 416 1951 uana
440 1893 524 1942 nunc
548 1880 655 1942 autom
679 1892 741 1941 non
765 1882 813 1942 cst
836 1875 882 1942 sic
897 1876 1074 1943 secundum
1097 1883 1216 1944 statum
1240 1877 1418 1963 praesentis
1445 1877 1615 1964 temporis,
1639 1877 1715 1964 qiria
1738 1894 1813 1944 cum

314 1990 376 2057 illis
401 1990 581 2076 indigemus
611 1990 874 2058 similitudinibus
891 1991 1028 2079 propriis
1051 1998 1082 2059 et
1106 2010 1215 2060 rernm
1240 1992 1404 2080 principiis
1427 1992 1637 2061 determinate
1661 1994 1813 2080 acceptis,

313 2124 395 2192 (litae
419 2106 549 2193 quidem
573 2124 636 2172 nrm
662 2105 890 2191 reperiuntur⁸
915 2106 947 2173 ia
970 2107 1237 2195 contingentibus,
1261 2109 1317 2175 sod
1341 2107 1446 2176 solum
1471 2109 1502 2175 ia
1527 2108 1723 2177 necessariis.

406 2224 457 2288 iu.
480 2221 524 2288 ‚td
557 2219 637 2289 iilud
673 2221 758 2309 qnod
783 2221 948 2303 obiicitur,
971 2222 1083 2309 qtiodsi
1108 2223 1141 2291 iu
1169 2222 1231 2291 illis
1254 2223 1431 2291 rationibus
1454 2223 1692 2311 cognoscimus,
1725 2224 1811 2311 quod

314 2337 416 2403 alariis
439 2354 630 2422 cognosceus
653 2345 701 2403 est
724 2336 864 2423 sapiens3
888 2338 1076 2420 eluendum,
1099 2339 1184 2426 qirod
1210 2358 1271 2406 noa
1295 2340 1457 2428 sequium,
1479 2339 1556 2427 quia
1582 2339 1738 2425 attingere
1767 2358 1813 2406 ra·

314 2453 415 2518 tiones
437 2450 507 2517 illas
530 2470 592 2518 nem
617 2451 690 2519 lacit
712 2452 905 2540 sapientem,
929 2452 988 2520 nisi
1012 2453 1084 2540 qiiis
1109 2454 1139 2520 ia
1163 2455 1209 2522 eis
1231 2455 1373 2543 quiescat
1396 2462 1427 2521 et
1450 2455 1538 2536 sciat,
1562 2472 1597 2522 sc
1624 2454 1696 2523 illas
1724 2455 1813 2522 attia·

315 2586 399 2653 gere,
423 2566 508 2654 qttoil
532 2565 662 2663 atridem
687 2574 807 2655 special
826 2568 866 2635 ad
890 2569 1097 2658 sapientem.
1133 2570 1317 2639 Huiusmodi
1342 2570 1426 2639 cutim
1451 2570 1588 2639 rationes
1610 2572 1812 2657 attinguntur

404 2824 412 2859 ¹
433 2826 531 2880 Dicitur
548 2827 621 2893 suis,
642 2833 772 2895 quolenus
791 2828 918 2894 principia
938 2828 1083 2882 intellectus
1101 2829 1321 2882 incommutabilia
1346 2829 1521 2883 «radicantur
1539 2830 1564 2882 la
1583 2829 1642 2883 luce
1665 2832 1770 2883 aeterua
1787 2836 1816 2881 et

316 2919 458 2975 denuntia
477 2938 562 2977 cani»
585 2925 718 2989 (lleuaeim.
738 2926 821 2977 Serui.
842 2926 887 2992 ἰ).

403 3019 453 3072 ’Λ
466 3022 512 3074 BE
532 3024 654 3076 orniituut
671 3020 730 3090 ipsi.
749 3048 786 3061 -
803 3020 950 3076 Coaemdat
967 3026 1074 3077 ouralaa
1093 3025 1118 3077 S.
1139 3025 1268 3092 Thomas,
1288 3027 1314 3078 S.
1334 3026 1350 3078 i.
1370 3040 1396 3093 q.
1416 3023 1458 3078 si.
1477 3039 1501 3078 a.
1520 3025 1554 3077 5:
1578 3024 1710 3093 «Aliquid
1728 3025 1755 3076 la
1773 3024 1818 3076 ali·

316 3130 369 3184 epm
388 3117 483 3172 ‹lii-itur
501 3121 624 3185 cognosci
643 3119 789 3186 dupliciter.
810 3119 866 3172 Uno
885 3120 965 3172 modo
984 3124 1051 3175 sicut
1068 3124 1093 3175 in
1113 3122 1215 3177 obioeto
1234 3125 1353 3192 cognito,
1371 3122 1445 3178 sicud
1462 3120 1561 3192 uliquis
1579 3120 1649 3177 eidcl
1666 3119 1818 3192 insperato

315 3230 354 3281 ea,
365 3230 479 3284 quonum
495 3219 623 3283 imagines
640 3219 666 3270 la
685 3219 793 3283 speculo
812 3218 953 3283 resolutam
973 3227 998 3273 et
1018 3221 1068 3272 lioc
1087 3220 1167 3273 modo
1185 3222 1272 3273 aniana
1291 3224 1316 3273 iu
1335 3228 1402 3274 statu
1421 3222 1565 3287 praeconils
1581 3221 1650 3273 rime
1665 3233 1716 3271 mia
1731 3226 1820 3285 pause

316 3315 406 3368 ridere
424 3317 511 3369 oma‘m
531 3318 556 3368 ia
576 3315 720 3371 rationibus
738 3317 866 3382 aetenris3
885 3316 932 3369 sed
951 3318 989 3370 sic
1007 3318 1033 3370 ia
1052 3317 1197 3383 rationibus
1220 3320 1332 3371 aeternis
1354 3323 1516 3383 cognoscunt
1542 3318 1630 3369 omnia
1653 3316 1742 3381 Bead,
1770 3318 1820 3383 qui

316 3414 400 3468 ὓοιιιη
419 3415 509 3468 rident
526 3422 552 3467 et
570 3417 657 3467 omma
677 3416 703 3466 ia
722 3415 780 3480 ipso
794 3434 817 3467 ι.
837 3414 977 3481 Qtrcimodo
996 3430 1024 3468 se
1044 3414 1138 3469 itamari
1156 3417 1269 3481 eogaitlo
1288 3412 1493 3484 perspeculatus
1521 3412 1554 3467 ad
1583 3414 1648 3493 ulios
1675 3412 1745 3465 duos
1772 3426 1822 3466 eo-

317 3512 459 3576 gnoseendi
478 3512 588 3578 modos,
608 3513 662 3565 seli.
682 3526 729 3578 per
747 3514 920 3577 praesentiam
938 3511 1067 3566 escariae
1086 3515 1123 3565 ret
1142 3515 1261 3577 cognitae
1278 3520 1305 3565 et
1323 3527 1370 3578 per
1388 3513 1562 3577 praesentiam
1581 3524 1645 3563 sune
1663 3507 1822 3563 sicmilitudi-

314 3610 367 3678 uis,
389 3613 533 3677 explicatur
545 3625 560 3663 a
574 3612 599 3662 S.
621 3610 731 3675 Thomu,
750 3610 776 3662 S.
797 3609 814 3662 Ι.
833 3625 858 3677 q.
879 3609 921 3661 56.
941 3626 963 3662 a.
984 3610 1009 3662 3.
1027 3609 1160 3663 -l'erba
1180 3611 1312 3676 Seraplrici
1332 3609 1449 3663 lloctoris
1467 3611 1493 3661 ia
1512 3612 1563 3661 tota
1582 3608 1632 3661 itae
1650 3609 1822 3675 quiamoue,

316 3725 383 3779 rpme
403 3711 545 3778 loquuntur
564 3709 597 3762 de
616 3707 731 3776 quiritium
751 3708 903 3774 imperfecta
922 3709 1022 3760 risione
1042 3708 1083 3760 rei
1104 3709 1237 3759 intuitione
1256 3709 1384 3760 irrerealao
1404 3707 1533 3772 veritatis,
1551 3714 1638 3759 sonita
1660 3711 1723 3758 situl
1739 3718 1773 3757 ex
1794 3706 1822 3758 S.

317 3809 463 3873 ilrigtrstiao
481 3813 507 3859 et
525 3805 689 3872 intelligenda
708 3811 769 3858 strat
786 3805 932 3859 secuudum
946 3806 994 3858 alia
1008 3806 1120 3873 plmima
1140 3805 1284 3858 testimonla
1304 3805 1446 3871 Sernpliici,
1459 3803 1537 3856 idest
1550 3816 1600 3856 urin
1613 3802 1648 3855 de
1660 3798 1824 3855 imntedt'utu

315 3908 449 3960 intuitione.
468 3906 524 3973 (cir.
541 3904 649 3959 Disscri.
663 3919 689 3971 p.
701 3904 727 3969 7,
741 3905 783 3972 8),
802 3906 870 3957 sieut
887 3906 964 3956 etiam
984 3904 1048 3956 inira
1068 3903 1111 3968 (ad
1132 3905 1186 3971 22.)
1206 3903 1309 3956 disertis
1327 3901 1417 3955 verbis
1435 3901 1509 3967 dieii,
1528 3900 1601 3969 quod
1614 3914 1665 3953 noa
1677 3904 1718 3953 est
1733 3917 1746 3946 ‹
1760 3897 1824 3953 siue

315 4004 447 4060 culumina
464 4006 489 4059 et
506 4003 536 4058 ia
552 4001 735 4073 conminuta».
750 4004 783 4056 itu
796 4004 874 4056 etiam
894 4002 1014 4068 discipuli
1032 4001 1161 4068 eiusdem,
1175 4001 1317 4054 illattliaens
1329 4007 1355 4053 et
1367 4000 1528 4066 Eumenius,
1541 4005 1661 4051 sanetum
1675 3996 1823 4051 acuon-m

317 4105 533 4171 interpretantem
553 4103 599 4156 eir.
619 4103 772 4168 praesertim
790 4101 944 4153 Eusurciiius
962 4113 988 4167 q.
1012 4100 1032 4151 l.
1051 4098 1086 4152 ad
1104 4099 1134 4164 li,
1153 4098 1199 4151 nbi
1218 4100 1244 4151 ia
1263 4098 1315 4151 lino
1333 4098 1407 4152 alleri
1425 4106 1516 4164 aptum
1535 4097 1686 4162 exemplum
1698 4095 1740 4147 liis
1759 4108 1824 4148 rea·

317 4201 374 4257 liis:
397 4203 523 4255 «Taurea
543 4215 618 4255 mem
636 4215 687 4254 nou
707 4200 780 4253 ridel
798 4200 867 4253 iilam
887 4202 1022 4253 veritatem
1042 4201 1199 4263 iaereaitam,
1223 4201 1299 4253 cirins
1325 4205 1386 4251 suat
1412 4211 1551 4264 expressae
1578 4197 1722 4263 lanugines,
1751 4196 1824 4247 slent

317 4302 395 4355 tideo
414 4302 506 4354 taciem
526 4302 638 4353 laomiais
656 4301 682 4351 ia
702 4300 824 4366 speculo,
844 4313 924 4367 (prtem
944 4312 995 4350 non
1016 4297 1094 4351 tideo
1113 4297 1263 4350 iriirnediate
1282 4306 1460 4362 praesentem,
1479 4297 1540 4364 quia
1558 4300 1599 4347 est
1616 4302 1687 4348 retro
1706 4306 1751 4346 me
1765 4312 1792 4346 ι.

406 4398 418 4434 ³
436 4398 546 4453 CDFll
565 4396 638 4468 quod
655 4395 762 4467 quidem
780 4411 829 4463 pro
848 4410 918 4466 ptrue
935 4395 1051 4466 quidem,
1073 4402 1099 4448 et.
1117 4394 1196 4448 CFii
1215 4394 1350 4464 reperitur
1368 4395 1425 4448 loeo
1444 4391 1626 4463 reperiuntur.
1653 4391 1718 4445 lleio
1738 4390 1823 4443 ΑΒΕ

318 4506 376 4564 post
394 4496 441 4551 sed
458 4498 580 4550 omittunt
597 4493 695 4549 solum.
714 4521 750 4534 -
768 4496 886 4560 aristot,
907 4495 923 4546 i.
944 4494 1040 4547 i‘oster.
1060 4508 1082 4545 c.
1101 4493 1126 4545 7.
1147 4492 1180 4559 (e.
1201 4494 1225 4546 il.
1244 4501 1270 4546 et
1288 4493 1334 4561 u),
1354 4500 1458 4545 ostenso
1471 4491 1543 4560 quod
1556 4490 1590 4544 do
1601 4487 1825 4555 eomriptibllibus

317 4595 407 4649 liabent
427 4609 478 4647 noa
498 4596 580 4661 possit
598 4594 749 4659 simpliciter
767 4594 887 4658 seientia,
906 4591 1055 4645 concludit:
1078 4591 1191 4657 «Quare
1209 4605 1241 4643 ex
1262 4592 1301 4644 iris
1320 4592 1486 4644 maaiiestum
1498 4594 1545 4657 est,
1559 4587 1633 4657 quod
1652 4600 1704 4640 non
1724 4588 1761 4641 sit
1779 4587 1824 4639 da-

317 4700 462 4746 monstrare
481 4693 568 4760 (seire)
589 4690 798 4760 rrairmqnodque
818 4690 970 4756 simpliciter
988 4690 1072 4755 aliter,
1099 4704 1179 4757 quiam
1204 4704 1235 4742 ex
1264 4671 1377 4756 propriis
1404 4690 1610 4756 uniuscuiusque
1642 4686 1784 4753 prliieipiis
1797 4706 1824 4740 ι.

318 4790 347 4841 iit
366 4790 428 4843 dud
448 4804 470 4842 e.
490 4791 577 4842 dail:
600 4789 652 4841 «Si
672 4790 751 4855 igitur
769 4796 808 4841 est
826 4787 1030 4841 demonstrativa
1057 4788 1162 4840 seleutia
1181 4795 1207 4842 et
1230 4802 1262 4841 eu
1293 4789 1445 4842 necessariis
1468 4787 1602 4853 prlaelplls
1626 4783 1721 4853 (quod
1749 4786 1825 4838 enlm

318 4889 399 4940 sritnr
417 4901 468 4940 uon
489 4892 574 4952 potest
592 4900 620 4939 se.
638 4885 712 4939 aliter
730 4884 844 4952 titubare)
864 4899 933 4953 qliae
950 4893 1037 4939 alitem
1057 4900 1105 4951 per
1123 4899 1152 4937 se
1170 4893 1247 4952 sum,
1267 4888 1413 4939 iecessario
1432 4887 1519 4939 insuat
1531 4883 1636 4938 rebus..
1650 4884 1826 4937 manifestum

317 4992 357 5037 est
374 4986 467 5050 igitur,
485 4983 557 5051 qrtcd
576 4998 608 5036 eu
628 4982 777 5037 lnrlusmodi
797 4982 957 5050 quibusdam
976 4984 1004 5036 tlt
1022 4981 1244 5037 demonstrativus
1262 4984 1456 5049 syllogismus...
1475 4982 1617 5037 accidentia
1629 4986 1719 5034 antem
1734 4996 1829 5035 neees-

317 5084 384 5133 saria
404 5095 455 5133 urin
474 5088 534 5133 strat
547 5100 572 5134 ».

408 5175 417 5205 ⁴
437 5177 465 5241 (Γ,
484 5178 605 5244 pluribus
624 5178 713 5231 verbis
731 5180 844 5244 omissis,
858 5180 890 5231 ita
904 5180 1049 5233 continual:
1063 5177 1200 5234 intellectu
1218 5180 1307 5233 arctim
1327 5176 1433 5234 scientis
1450 5176 1623 5249 rttlirrgoatur
1635 5176 1824 5250 adductum,

318 5275 365 5328 sed
381 5275 514 5330 intellecta
533 5276 661 5345 sopiendis
678 5278 709 5330 ut
727 5274 880 5331 reductione
893 5279 918 5330 et
930 5277 1106 5347 prrielulirae,
1128 5280 1154 5330 et
1169 5276 1253 5347 pulici
1263 5281 1328 5332 strui
1340 5276 1431 5333 taliter
1447 5276 1614 5345 attingentes,
1627 5280 1654 5330 et
1664 5276 1726 5331 ideo
1736 5282 1828 5347 pauci
