3870 6488
288 356 329 419 oo
864 368 1014 428 orrncsrro
1037 368 1207 418 ursorrnra

287 496 462 584 perlectum
470 520 479 575 ;
514 494 571 562 aed
595 512 689 563 omne
712 512 824 562 verum
848 500 1007 574 creatum,
1030 498 1185 581 quantum
1210 500 1258 561 est
1281 493 1321 561 de
1344 512 1392 572 se,
1415 502 1464 562 eat
1487 494 1616 563 tenebra
1642 496 1675 562 et
1702 494 1784 561 dele

286 618 373 681 etus:
398 628 474 697 ergo
498 607 576 679 nihil
592 609 625 677 in
648 608 810 679 intellectu
834 609 919 678 cadit
942 608 1001 677 nisi
1025 626 1084 696 per
1107 608 1187 677 illud
1211 624 1374 678 summum
1388 627 1511 678 verum.

375 728 429 794 td.
453 725 545 809 lum,
568 724 647 794 nihil
671 734 757 794 recte
794 732 827 793 et
848 724 1112 794 certitudinaliter
1134 725 1345 811 cognoscitur,
1368 725 1428 794 nisi
1459 724 1638 814 applicetur
1671 726 1713 793 ad
1738 744 1786 794 re

286 842 409 929 gulam,
432 858 515 929 quae
539 840 627 910 nulio
652 840 746 910 modo
768 848 870 929 potest
892 839 1066 928 obliquari3
1089 838 1146 909 sed
1170 839 1243 909 talis
1276 847 1325 909 est
1359 839 1471 929 regula
1497 840 1587 922 sola,
1621 859 1705 928 qnae
1736 848 1786 909 eet

286 955 496 1027 ementialiter
519 958 588 1044 ipsa
610 957 768 1027 rectitudo
781 957 807 1039 ¹,
830 957 964 1026 ethaeo
987 964 1114 1025 nonest
1129 955 1188 1025 nisi
1205 956 1323 1025 ueritas
1343 962 1487 1025 aeterna:
1509 973 1587 1044 ergo
1608 955 1689 1027 nihil
1720 974 1787 1026 rer·

287 1073 496 1142 titudioatiter
519 1074 730 1161 cognoscitur,
752 1072 813 1141 nisi
835 1072 1013 1160 applicetur
1035 1071 1077 1141 ad
1100 1071 1246 1159 regulam
1268 1078 1440 1141 aeternam.

377 1192 429 1257 27.
452 1188 544 1270 item,
567 1206 641 1258 eum
665 1188 787 1276 duplex
808 1188 851 1258 sit
872 1188 975 1276 portio
997 1187 1159 1270 animae',
1182 1187 1330 1275 superior
1343 1195 1377 1257 et
1392 1187 1531 1272 interior,
1556 1186 1638 1255 ratio
1654 1186 1784 1257 ulterior

286 1312 393 1374 ortmn
416 1304 554 1373 habeta
586 1304 766 1393 superiori,
788 1312 821 1374 et
853 1322 916 1374 non
951 1321 1164 1385 econverso,
1187 1302 1245 1371 sed
1277 1303 1358 1372 ratio
1391 1302 1537 1390 superior
1571 1302 1711 1384 dicitur,
1749 1304 1783 1371 in

286 1426 442 1509 quantum
466 1421 663 1490 convertitur
685 1419 726 1489 ad
750 1420 836 1507 leges
857 1430 1018 1501 aeternas,
1041 1419 1171 1488 interior
1194 1436 1271 1487 uero
1294 1419 1325 1487 in
1349 1426 1506 1507 quantum
1527 1426 1676 1488 versatur
1698 1418 1785 1503 circa

288 1537 488 1624 temporalia;
510 1554 588 1623 ergo
610 1554 667 1626 per
690 1535 1045 1624 priuo⁸etnaturaliter
1061 1536 1142 1604 inest
1164 1534 1289 1603 animae
1304 1535 1440 1623 cognitio
1454 1534 1665 1605 aeternalium
1684 1552 1783 1623 quam

287 1652 533 1741 temporalium:
557 1671 635 1740 ergo
657 1650 851 1739 impossibiie
872 1660 935 1733 est,
959 1651 1046 1739 quod
1068 1650 1195 1740 aliquid,
1212 1650 1255 1719 ab
1278 1651 1347 1738 ipsa
1379 1658 1589 1739 cognoscatur
1621 1650 1785 1723 certitudi-

287 1768 411 1849 naliter,
435 1768 493 1837 nisi
518 1768 560 1837 ab
583 1768 645 1836 illis
668 1767 806 1837 aeternis
828 1767 1005 1837 rationibus
1020 1768 1202 1836 adiuvetur.

376 1884 438 1953 llae
472 1901 583 1953 omnes
613 1884 751 1953 rationes
771 1883 952 1972 praedictae
975 1900 1017 1953 ox
1045 1882 1152 1953 verbio
1175 1883 1339 1970 Augustini
1373 1882 1546 1952 eliciuntur
1582 1883 1613 1953 ln
1646 1882 1785 1953 diuersis

288 2000 514 2069 uoluminibut
1577 2081 1579 2085 ¹

377 2116 430 2184 98.
446 2115 546 2197 ltern,
569 2117 630 2185 lroc
652 2112 737 2185 idem
762 2115 889 2184 ridetur
910 2123 943 2184 et
964 2114 1045 2183 olit'e
1066 2114 1265 2183 rotiouidur.
1289 2113 1432 2201 Gognitio
1454 2114 1600 2183 eiusdem
1622 2113 1786 2185 tensibilia

286 2250 306 2298 a
328 2231 464 2301 diversis
486 2230 582 2299 rimul
606 2239 639 2301 et
660 2231 759 2300 semei
782 2250 845 2300 non
868 2238 971 2320 potest
993 2231 1104 2301 haberi
1126 2230 1187 2301 niel
1210 2248 1269 2319 per
1291 2229 1420 2318 aliquod
1443 2248 1634 2311 commune,
1657 2238 1690 2299 ot
1713 2232 1785 2319 pari

287 2345 408 2415 ratione
429 2346 566 2433 cognitio
599 2345 744 2415 eiusdem
779 2346 1001 2434 intelligibilis;
1024 2345 1081 2415 eod
1114 2344 1245 2434 aliquod
1280 2364 1382 2415 unum
1414 2362 1528 2415 uerum
1562 2344 1654 2415 nullo
1685 2347 1784 2416 modo

287 2461 563 2550 multiplicatuma
585 2461 723 2531 diuersis
744 2468 847 2550 potest
870 2461 1000 2549 intelligi
1016 2461 1121 2531 sicut⁴
1136 2469 1168 2530 et
1182 2461 1362 2531 enuntiari:
1379 2479 1456 2548 ergo
1471 2479 1600 2533 neeesse
1614 2469 1679 2542 eut,
1693 2461 1783 2551 qnod

287 2596 344 2665 per
367 2576 498 2665 aliquod
520 2594 622 2646 unum
645 2576 734 2645 nullo
757 2577 853 2647 niodo
875 2576 1123 2665 multiplicatum
1145 2576 1358 2665 intelligatur,
1373 2576 1430 2647 red
1455 2594 1556 2645 unum
1578 2577 1611 2647 in
1647 2577 1786 2647 dirersis

287 2692 495 2762 nullomodo
529 2692 775 2781 multiplicatum
801 2712 865 2762 non
893 2701 997 2781 potest
1028 2711 1100 2764 esse
1132 2693 1194 2763 nisi
1229 2693 1327 2763 Deus:
1363 2711 1440 2782 ergo
1475 2692 1556 2763 ratio
1589 2693 1787 2783 intelligendi

286 2808 540 2897 unumquodque
563 2815 612 2879 est
635 2808 704 2897 ipsa
726 2808 859 2890 veritae,
882 2826 965 2897 quae
987 2818 1037 2879 est
1059 2809 1154 2879 lleue

326 3006 329 3011 ¹
376 2926 428 2993 ιιι.
453 2924 544 3006 item,
566 2925 650 2995 sicut
671 2925 803 2994 allartus
826 2942 861 2995 ee
884 2924 980 2995 habet
1002 2926 1043 2994 ad
1068 2925 1209 3006 honum,
1233 2924 1277 2993 ita
1311 2924 1491 2994 intellectus
1520 2942 1555 2995 so
1586 2924 1710 2995 lualtet⁸
1739 2926 1783 2995 ad

287 3058 422 3121 verum,
455 3047 488 3109 et
519 3040 602 3110 elcut
623 3058 718 3110 omne
741 3040 860 3109 bonum
891 3058 1061 3109 asumma
1083 3040 1235 3122 bonitate,
1268 3041 1311 3109 iu
1340 3058 1435 3109 omne
1465 3059 1578 3111 uerum
1612 3060 1789 3111 asumma

287 3155 440 3237 veritate3
462 3154 520 3225 sed
542 3155 738 3244 impossibile
760 3163 831 3238 est,
853 3154 940 3243 quod
962 3155 1095 3225 allectus
1127 3163 1235 3225 nostor
1270 3155 1390 3225 directe
1413 3157 1535 3225 teratur
1570 3156 1603 3227 in
1637 3156 1783 3239 honum,

284 3272 361 3358 quin
385 3271 495 3361 aliquo
518 3273 613 3341 modo
633 3273 767 3362 attingat
788 3290 950 3342 summam
974 3272 1174 3355 honitatem3
1197 3291 1275 3360 ergo
1298 3271 1493 3360 inpossibile
1514 3280 1586 3354 ost,
1613 3273 1702 3361 quod
1737 3273 1784 3343 iu

287 3387 431 3456 tellectus
454 3394 561 3457 noster
582 3388 847 3459 certitudinatiter
873 3396 1041 3477 cognoscat
1067 3389 1198 3478 aliquod
1226 3406 1362 3470 uerum,
1394 3389 1473 3477 quin
1507 3389 1641 3477 attingat
1673 3389 1786 3478 aliquo

286 3503 382 3573 modo
404 3522 564 3572 summam
589 3505 763 3574 veritatem.

375 3618 428 3687 30.
452 3619 543 3701 ltem,
566 3637 680 3690 uerum
703 3640 765 3691 nou
786 3622 986 3709 cognoscitur
1009 3621 1070 3691 nisi
1095 3621 1248 3704 ueritate,
1270 3630 1302 3692 et
1326 3640 1389 3689 non
1412 3639 1640 3710 quacumque,
1662 3620 1718 3690 eod
1738 3640 1791 3693 re

286 3734 378 3803 ritate
401 3742 496 3817 nota,
519 3744 550 3805 et
573 3736 627 3804 illa
649 3737 848 3823 potissimum
873 3738 1019 3819 veritate,
1042 3757 1126 3826 quae
1146 3744 1197 3807 cst
1219 3737 1360 3806 maxime
1383 3736 1498 3819 nota⁰3
1521 3736 1578 3806 sed
1603 3736 1682 3807 haec
1705 3738 1792 3807 reri·

286 3857 334 3919 tas
356 3858 405 3919 est
429 3851 502 3932 illa,
518 3870 601 3940 quae
624 3871 686 3920 non
710 3859 813 3940 potest
835 3854 964 3940 cogitari
989 3873 1051 3923 nou
1074 3872 1159 3935 esse3
1182 3853 1240 3922 sed
1263 3852 1336 3922 talis
1359 3859 1493 3921 nonest
1516 3853 1634 3920 ueritas
1656 3859 1792 3935 create,

286 3967 342 4036 sed
374 3967 526 4036 increata:
555 3986 633 4056 ergo
655 3968 811 4057 quidquid
834 3970 1098 4039 certitudinaliter
1121 3971 1333 4057 cognoscitur,
1355 3970 1457 4039 scitur
1472 3968 1504 4037 in
1528 3968 1663 4037 ueritate
1683 3975 1719 4037 et
1742 3988 1794 4037 ra·

286 4081 369 4149 tione
392 4089 532 4150 aeterna.

374 4198 427 4267 31.
450 4198 549 4281 item,
582 4198 690 4267 anima
724 4208 797 4268 nata
831 4207 879 4269 est
909 4201 1050 4270 converti
1085 4199 1428 4291 superintelligibile,
1465 4198 1552 4287 quod
1587 4204 1636 4268 est
1671 4206 1795 4281 extra,

541 4372 607 4383 ----

377 4466 385 4503 ¹
404 4468 425 4521 Α
444 4468 464 4520 u
482 4469 501 4521 E
520 4470 649 4522 minorum
668 4470 706 4523 sic
717 4468 853 4523 exhibent:
872 4468 938 4525 ltoec
955 4473 1047 4525 oratam
1066 4470 1163 4540 reputo
1181 4484 1237 4525 ooo
1253 4474 1294 4526 art
1310 4470 1365 4527 uiui
1381 4469 1439 4538 iliu,
1459 4484 1530 4541 quoe
1547 4472 1598 4539 eet,
1609 4467 1798 4527 emendetitur

284 4563 344 4636 ipro
362 4564 502 4633 rectitudo,
522 4567 567 4636 qul
587 4564 664 4619 codd.
683 4572 709 4620 et
726 4567 806 4634 paulo
825 4568 890 4621 lnlra
909 4576 968 4635 post
986 4567 1087 4623 ueritur
1105 4568 1206 4623 uddunt
1223 4571 1250 4623 et
1267 4567 1347 4623 ratio.
1368 4567 1385 4621 F
1408 4567 1540 4622 uocabulo
1566 4565 1667 4623 ceuuu
1695 4570 1796 4633 pneu-

285 4665 323 4730 git
340 4662 408 4735 ipru.

373 4761 386 4796 ²
404 4762 426 4815 D
444 4761 463 4813 F
480 4764 502 4813 ιὶ
520 4761 619 4816 addunt
638 4761 745 4818 addat.
767 4764 845 4818 Paulo
865 4765 929 4817 intra
950 4764 1014 4819 Fre
1032 4764 1164 4821 convertit
1181 4780 1230 4833 pro
1249 4764 1424 4820 conuertitur,

375 4858 424 4913 ’C
440 4858 640 4930 principatum·
658 4860 680 4914 n
699 4861 719 4915 F
735 4862 757 4914 G
775 4861 797 4914 li
813 4860 1077 4932 pecuariorum
1098 4870 1158 4931 post
1175 4862 1357 4918 aeternalium
1375 4863 1394 4917 g
1411 4865 1432 4917 G
1452 4863 1553 4917 arldunt
1571 4860 1669 4935 mugio.
1691 4864 1799 4921 Dein?

283 4953 319 5010 ud
335 4954 429 5010 uuimo
446 4960 472 5011 et
488 4956 523 5011 ub
541 4956 601 5027 ipro
620 4957 726 5012 rotiouc
743 4956 825 5013 atium
842 4957 967 5029 interiori
984 4974 1033 5027 pro
1051 4958 1086 5015 od
1105 4959 1172 5030 pou.

374 5053 385 5090 ⁴
403 5056 429 5108 ln
449 5056 469 5109 Α
488 5056 540 5109 EG
560 5056 633 5110 deest
649 5055 727 5111 suut.
749 5056 774 5111 ln
794 5058 846 5110 line
864 5060 1012 5124 argumenti
1033 5060 1051 5110 ll
1070 5059 1090 5111 li
1108 5066 1168 5126 post
1187 5073 1257 5130 quoa
1275 5062 1315 5114 ret
1332 5059 1434 5113 addunt
1452 5056 1584 5115 curiam.

371 5153 385 5190 ⁸
403 5154 490 5208 Verba
508 5168 536 5210 re
548 5152 626 5209 tuder
642 5160 669 5207 et
687 5157 713 5208 ln
733 5154 784 5208 llno
802 5158 949 5221 argumenti
968 5155 1061 5226 aliquo
1080 5156 1161 5213 ruodo
1180 5157 1275 5212 desunt
1293 5158 1318 5210 ln
1338 5156 1391 5211 DF
1401 5158 1430 5210 u.

373 5254 385 5291 ι
403 5255 423 5307 ιι
442 5255 462 5307 ll
480 5255 499 5307 E
518 5268 588 5324 quoe
605 5252 713 5325 quidem
731 5258 770 5311 ert
788 5254 888 5311 veritur
906 5253 1027 5311 moritur
1039 5258 1111 5311 uolo.
