3870 6488
134 273 135 280 l

753 858 1030 908 nissnnrxrro.
1596 830 1631 897 el

141 990 351 1078 rerepente.
375 988 558 1055 dllirrnatur
582 986 703 1071 primo,
726 984 811 1071 rprrod
836 1001 892 1050 ens
915 982 1189 1069 generalissimum
1221 980 1375 1065 signiliret
1410 975 1531 1063 aliquid
1554 980 1639 1039 outo

143 1108 297 1193 logicum,
327 1104 413 1192 quod
448 1102 489 1169 ad
517 1101 663 1168 ordinem
697 1099 901 1185 existentium
927 1098 1081 1185 pertinen
1104 1103 1136 1164 et
1171 1096 1258 1182 qurnl
1293 1095 1467 1163 destituere
1498 1092 1558 1157 noc
1581 1108 1638 1155 ons

139 1221 226 1289 siriani
250 1220 281 1287 ri
304 1217 501 1305 significandi
524 1216 657 1303 aliquid,
674 1215 759 1302 qrrod
776 1232 852 1282 vere
868 1214 927 1294 sit,
952 1211 1091 1300 irnplicet
1113 1211 1322 1279 nihilismmn.
1339 1209 1459 1278 Deinde
1483 1206 1637 1293 prooauu

140 1356 198 1423 por
221 1342 343 1424 partes,
366 1334 400 1402 iu
419 1340 492 1402 ente
515 1331 753 1420 generalissimo
768 1330 863 1399 etiam
879 1329 980 1397 dietas
996 1328 1206 1415 proprietates
1221 1326 1338 1395 ideales
1361 1334 1393 1395 et
1408 1321 1637 1412 propositiones

141 1453 172 1519 in
188 1454 265 1541 ipsis
280 1452 429 1519 fundatas
452 1449 615 1538 ponendas
637 1465 784 1516 essenon
800 1454 924 1514 tanturn
948 1445 1125 1513 secundum
1149 1444 1281 1530 logicam
1304 1441 1533 1511 connexionem
1550 1454 1637 1523 prae

139 1570 234 1639 ‹licati
249 1576 282 1637 et
297 1568 444 1649 subiecti,
460 1568 529 1635 sire
545 1566 721 1635 secundum
739 1560 980 1652 lppotdetteom
996 1561 1229 1642 necessitatem,
1252 1560 1309 1627 sed
1340 1584 1356 1619 e
1366 1557 1549 1625 acescentem
1569 1573 1637 1621 esse

139 1684 333 1753 olricctieem
367 1683 457 1751 reule
491 1684 528 1750 in
549 1682 693 1750 serdmcto
725 1679 965 1768 propositionis
994 1698 1233 1765 caprea-sunu,
1267 1677 1326 1744 nisi
1351 1695 1425 1745 curn
1455 1674 1579 1741 Ficllteo
1604 1672 1634 1738 in

139 1801 336 1868 nilrilismurn
366 1800 577 1887 praecipitare
611 1797 757 1865 solimus.
794 1797 896 1864 llonet
918 1802 1025 1862 autem
1049 1794 1087 1861 rl.
1111 1800 1233 1873 auctor,
1258 1812 1319 1860 non
1344 1789 1541 1879 probandam
1565 1804 1635 1853 esse

138 1934 251 1985 corum
286 1917 484 1996 sententiam,
518 1916 572 2003 qui
598 1914 751 1982 rationem
782 1912 864 1980 entis
895 1929 965 1980 osse
1000 1917 1112 1998 pruent
1143 1910 1279 1977 lormarn
1303 1906 1578 1995 pertenentem
1603 1901 1633 1968 in

136 2032 258 2114 animo,
280 2032 343 2100 suli
365 2031 558 2119 quaomnia
581 2030 798 2116 intelligantur
821 2035 857 2096 nt
880 2028 982 2107 entia,
1006 2035 1037 2094 et
1061 2027 1128 2093 sine
1151 2045 1215 2112 qna
1239 2024 1327 2092 nulla
1351 2042 1403 2091 res
1425 2022 1524 2109 pnlssit
1547 2019 1635 2087 intel-

137 2148 201 2235 ligi.
226 2186 270 2198 -
293 2148 390 2215 l’orro
412 2147 452 2215 art
477 2147 710 2235 qrraestionem
733 2164 819 2235 peuce
840 2145 885 2210 sit
906 2143 1047 2210 realiter
1070 2143 1154 2221 tetre,
1178 2160 1261 2229 ortae
1287 2140 1480 2209 elementum
1515 2135 1633 2203 orilrrlo

136 2264 242 2349 gicurn
264 2262 347 2332 critis
373 2262 603 2351 generalissimi
629 2262 762 2348 eiusque
784 2260 994 2348 proprietates
1009 2258 1165 2339 stabiliat,
1182 2258 1393 2347 respondetur
1408 2252 1633 2339 distinguendo

136 2387 201 2449 tres
224 2385 335 2462 status,
358 2380 425 2447 sire
441 2380 502 2447 tria
517 2386 677 2447 monrenta
699 2378 731 2445 in
755 2378 1005 2446 consideratione
1021 2376 1102 2444 eritis
1117 2374 1356 2462 generalissimi,
1372 2372 1490 2441 scilicet
1507 2368 1631 2455 primo,

134 2496 263 2582 qnando
296 2496 423 2563 animus
456 2496 610 2564 rationem
633 2494 715 2563 ontis
739 2495 908 2562 duurmxat
943 2494 1095 2580 recogitat
1124 2498 1161 2559 ut
1183 2490 1305 2578 alirprid
1328 2487 1485 2558 existendi
1511 2504 1631 2572 capax;

135 2618 211 2679 lunc
233 2610 421 2699 consiccet
444 2610 632 2679 ttulistimte
655 2616 936 2698 repraesentantur
959 2610 1084 2676 linitum
1109 2614 1140 2676 et
1164 2606 1340 2689 inlinitum,
1356 2624 1413 2674 ens
1436 2605 1468 2673 in
1492 2603 1627 2691 potentia

133 2732 165 2795 ct
187 2746 245 2796 ons
268 2727 300 2795 in
323 2733 414 2809 actu,
438 2728 614 2796 substantia
635 2734 668 2795 ot
690 2727 845 2795 arridens.
871 2726 1039 2805 Secrnuto,
1063 2724 1192 2813 quando
1214 2725 1343 2792 errimus
1366 2722 1452 2791 ridet
1476 2720 1629 2789 rationein

133 2842 215 2911 entis
236 2860 306 2911 esse
328 2843 573 2923 necessarium,
597 2840 856 2922 eminerotttem,
880 2851 1073 2921 eetcrucnt,
1108 2841 1175 2909 sive
1197 2841 1283 2909 entia
1307 2841 1337 2909 in
1362 2848 1447 2909 statu
1467 2838 1630 2927 possibili·

132 2958 231 3038 ter-tm·
254 2965 330 3028 lunc
353 2958 433 3027 ratio
456 2959 537 3028 entis
554 2960 679 3028 initium
695 2959 817 3027 ordinis
834 2960 946 3028 idealis
961 2968 993 3027 et
1010 2959 1217 3027 immutabilis
1233 2958 1396 3027 constituit
1416 2964 1448 3025 et
1464 2957 1629 3038 rationein,

130 3074 171 3140 ad
196 3092 295 3161 qnam
318 3073 442 3163 reliqua
472 3076 575 3149 orrrnia
609 3076 843 3144 examinantur.
887 3076 1034 3142 Tertium
1061 3080 1257 3143 momentum
1292 3082 1355 3156 est,
1397 3074 1552 3161 «qrramdo
1588 3075 1630 3141 in·

132 3187 295 3272 tellectus‚
316 3191 472 3259 obiectiva
495 3192 638 3261 realitate
669 3191 751 3259 entis
784 3193 945 3279 recognita
968 3191 1101 3279 eiusque
1124 3190 1408 3271 necessitatem„
1432 3190 1538 3259 aritine
1562 3190 1630 3258 dili·

130 3306 255 3391 gentius
277 3306 393 3375 dictam
418 3307 594 3376 realitatem
629 3308 876 3394 introspicienda
912 3307 1124 3393 recognoscit,
1147 3324 1218 3374 eam
1250 3305 1282 3372 in
1308 3324 1343 3374 re
1366 3313 1460 3374 extra
1483 3307 1626 3373 animum

131 3420 348 3509 principaliter
362 3441 400 3489 ac
415 3422 696 3491 fundamentaliter
710 3442 772 3489 non
788 3422 884 3490 aliam
900 3440 970 3490 esse
992 3442 1089 3509 quam
1105 3421 1246 3489 divinam
1263 3422 1449 3489 realtcoon.
1463 3421 1628 3507 Colligitur

131 3534 221 3615 indo,
244 3534 453 3615 sterelitatem,
476 3536 695 3604 smtilieutem
717 3537 909 3604 terrentem
944 3536 1165 3624 ontolopieonc
1199 3537 1282 3603 eritas
1314 3536 1565 3623 generetis-rimi
1598 3522 1657 3604 ct'

127 3649 365 3737 proprietatem
397 3650 482 3732 etur,
505 3669 575 3720 esse
610 3648 751 3721 munem
773 3648 968 3721 realitatem.
992 3690 1037 3701 -
1059 3654 1146 3736 Quae
1180 3651 1288 3718 (lirina
1323 3651 1468 3733 coalitis,
1500 3654 1625 3721 tanrelsi

129 3764 302 3851 implicem
325 3766 356 3833 in
381 3766 485 3853 primo
508 3774 539 3835 et
563 3766 665 3834 altero
689 3775 849 3835 momento
872 3766 1133 3835 considerationis
1156 3767 1252 3848 eritis,
1269 3768 1300 3834 in
1318 3769 1410 3836 tertio
1433 3768 1538 3835 sillum
1563 3788 1627 3836 nio

127 3888 235 3949 mento
258 3888 363 3949 tamen
386 3882 553 3968 auplicem
577 3882 787 3969 cognoscitur.
813 3882 1006 3969 Eeptt'cele,
1031 3885 1171 3971 inquam,
1193 3902 1253 3970 por
1277 3891 1483 3971 cormeptum,
1507 3890 1539 3952 ct
1562 3904 1625 3953 nrm

127 4014 186 4083 pm
209 3996 425 4065 immediatam
448 4006 480 4066 et
502 3998 742 4067 substantialem
768 3998 817 4066 sui
842 4000 1065 4085 praesentiam.
1083 3999 1275 4085 Euprticete,
1301 3996 1448 4085 inqrrarn,
1468 4020 1530 4086 per
1553 4022 1626 4067 corr·

125 4120 266 4199 ceptum,
282 4132 350 4181 riou
371 4113 607 4204 perdiditotiee,
624 4121 660 4181 ut
675 4121 724 4182 ost
740 4115 771 4182 in
788 4133 831 4196 se,
848 4115 904 4183 sod
920 4115 1097 4183 secundum
1114 4115 1157 4195 id,
1173 4116 1205 4182 in
1222 4134 1287 4202 quo
1301 4116 1463 4203 analogice
1477 4117 1625 4186 corrvenit

125 4245 202 4295 cum
223 4228 373 4297 omnihus
395 4229 475 4298 aliis.
498 4230 590 4297 llaec
613 4230 768 4297 doctrice
791 4238 837 4296 est
860 4230 1128 4308 eeirlerrtissinm,
1158 4229 1313 4297 tractatulo
1341 4232 1498 4311 miscendo,
1521 4251 1624 4322 crepare

125 4343 313 4413 irrrrrnneris
335 4346 530 4414 testimoniis
556 4346 741 4434 Aliger-atini
765 4356 796 4413 et
826 4345 968 4413 'l'lromee
987 4346 1133 4433 prote-ri
1152 4354 1299 4433 potest».

216 4460 297 4527 Tum
321 4467 432 4529 auctor
455 4462 652 4549 argumentis
675 4480 717 4529 ex
741 4462 809 4549 ipsa
837 4480 872 4529 re
903 4462 1017 4529 sunnis
1053 4462 1250 4543 luculenter,
1284 4469 1319 4529 nt
1350 4462 1440 4529 nobis
1474 4464 1622 4545 siletur,

125 4574 250 4662 prolmt,
275 4576 361 4663 quod
395 4578 451 4664 qui
475 4578 652 4646 realitatom
676 4577 886 4655 olricrliram,
909 4577 949 4644 de
972 4554 1036 4663 qua
1061 4578 1243 4665 loquimur,
1267 4578 1408 4646 stabilire
1436 4579 1534 4646 velint
1565 4600 1622 4666 per

122 4710 182 4759 ens
204 4690 331 4761 linitum
353 4698 427 4761 ectu
450 4694 613 4774 existens,
638 4694 723 4761 ultra
746 4694 910 4762 ueritatem
937 4700 1060 4761 tantum
1084 4694 1320 4780 lippotlrelicarn
1354 4694 1385 4761 in
1420 4696 1532 4763 ordino
1560 4716 1622 4765 nie

124 4806 289 4895 taplrpsico
319 4828 382 4877 non
407 4810 528 4897 possint
550 4811 744 4898 procedere,
769 4811 811 4878 ita
846 4818 881 4878 ut
909 4812 1054 4879 «veritas
1089 4812 1185 4879 totius
1205 4812 1327 4879 ordinis
1361 4815 1565 4901 rnetapliysici
1590 4824 1622 4883 el

123 4922 257 5006 idealis,
281 4925 436 4993 sententia
459 4926 519 4993 ism
542 4927 703 5007 admissa,
734 4933 817 4995 osset
847 4927 1088 5008 conditionalis3
1123 4928 1288 4996 veritatem
1316 4929 1433 5016 qrrippo
1462 4931 1621 4999 mendicat

120 5058 143 5104 a
166 5039 298 5107 veritate
321 5040 511 5109 existentiae
535 5060 644 5111 rerum
670 5042 842 5110 finitarum.
861 5042 913 5110 Est
926 5042 1006 5111 haec
1022 5052 1128 5111 aulem
1146 5063 1231 5112 noxa
1246 5044 1404 5130 capitalis,
1421 5052 1457 5112 ul
1472 5046 1503 5112 in
1520 5047 1622 5114 altera

121 5159 215 5241 parte
248 5154 393 5238 dicetur,
428 5157 524 5225 nitius
547 5158 708 5227 criticismi
734 5159 919 5226 llanlianin.
943 5160 1063 5227 Deinde
1088 5160 1221 5245 legitur:
1255 5158 1475 5241 «Dicendum,
1506 5160 1620 5247 prima-

124 5268 211 5337 rium
233 5268 476 5339 [laudamentum
493 5272 646 5341 realitatis
663 5273 837 5343 olrieclime
852 5282 883 5342 et
899 5276 1129 5362 proprietatnm
1146 5279 1215 5343 eius
1230 5292 1300 5343 esse
1317 5275 1494 5343 realitalem
1519 5277 1620 5364 ipsam

121 5384 281 5453 irillnitam
298 5386 370 5454 Dei:
387 5385 516 5455 realitas
538 5388 623 5456 enim
641 5389 699 5456 isla
714 5390 795 5456 entis
810 5390 960 5457 olriicitur
974 5391 1081 5458 animo
1096 5400 1132 5458 ut
1147 5390 1267 5479 aliquid
1283 5390 1315 5457 in
1332 5408 1384 5471 re,
1400 5398 1432 5459 et
1447 5399 1484 5459 ut
1497 5392 1619 5478 aliquid

122 5502 158 5567 in
183 5518 240 5581 re,
262 5501 348 5588 quod
371 5502 588 5588 principaliter
611 5510 643 5571 ct
665 5504 944 5574 fundamentaliter
966 5506 1007 5573 ad
1033 5507 1093 5575 tus
1109 5506 1317 5574 essorrtialilcr
1340 5526 1398 5593 pm
1420 5524 1456 5575 se
1477 5508 1619 5578 existens

119 5616 271 5703 pertinet.
288 5616 350 5685 lloc
365 5623 472 5685 autem
490 5638 550 5685 non
569 5620 784 5688 ratiocinando
808 5622 936 5709 proprie
959 5624 1175 5709 comperitur,
1194 5622 1254 5690 scd
1264 5644 1326 5710 per
1340 5624 1521 5710 alterplicem
1537 5644 1619 5691 unu·

119 5732 223 5820 lpsim
246 5732 393 5801 reticetis
415 5733 592 5803 obiectione
615 5737 709 5803 cutm
735 5737 815 5826 Ergo
847 5737 877 5804 in
903 5738 970 5825 ipsa
994 5737 1262 5829 intellipitiliter,
1287 5740 1346 5809 lroc
1369 5745 1418 5811 est
1439 5742 1614 5815 seeundum
