3870 6488
213 386 256 453 38
823 403 1103 452 nissenrnrro.

211 527 292 595 eiter
317 527 385 594 nto
405 548 429 595 o
455 529 528 595 Deo.
552 528 616 595 Ncm
640 527 724 596 euim
749 528 943 596 sufficienter
958 528 1078 616 aliquid
1096 535 1197 615 potest
1214 545 1342 596 morere
1364 527 1486 616 aliquid
1504 526 1632 607 mobile,
1650 524 1711 593 crisi

212 644 315 711 virtus
336 645 439 711 actim
462 644 617 712 liliiveutis
640 643 793 725 excedat,
817 644 866 712 rel
890 644 1001 712 mitem
1024 644 1181 731 adaequet
1206 644 1357 713 virtutem
1385 643 1544 731 passivam
1574 641 1711 709 tumulis.

213 759 322 827 Virtus
344 768 451 828 airtem
475 760 601 847 possita
616 761 789 828 voluntatis
812 760 1006 829 seextendit
1021 760 1062 829 ad
1088 759 1208 857 boupm
1232 760 1268 827 in
1291 758 1479 827 uniuersali
1493 760 1571 846 (cir.
1587 760 1617 825 S.
1635 758 1661 838 l,
1678 759 1711 825 ll.

212 896 242 964 q.
269 878 319 942 to.
342 895 371 942 a.
398 874 458 961 t.);
481 882 529 945 est
553 876 721 945 onimeius
744 877 904 945 obiectum
929 875 1050 943 booom
1073 876 1275 956 orcioorsole,
1291 876 1374 944 sieut
1388 884 1421 945 et
1436 876 1616 945 intellectus
1630 875 1713 943 oble

212 998 299 1059 etum
323 1000 371 1060 est
393 1011 451 1059 em
474 992 670 1060 uniuersale.
694 993 864 1080 Quodlibet
885 1001 992 1062 etitem
1018 994 1136 1061 bonum
1160 1001 1304 1063 creatum
1327 1002 1376 1062 est
1390 993 1552 1081 quoddam
1577 992 1712 1081 particu-

214 1107 281 1175 lare
304 1107 445 1189 bononr;
469 1107 557 1176 solus
580 1116 685 1177 autern
710 1110 796 1178 Deus
818 1116 867 1178 est
896 1109 1016 1178 bonum
1048 1109 1239 1178 universale.
1275 1110 1363 1179 Unde
1391 1109 1444 1177 ille
1478 1109 1568 1179 solus
1601 1109 1712 1197 implet

214 1223 409 1291 voluntatem
432 1231 465 1292 et
486 1224 687 1314 sttffteieutor
709 1245 785 1292 eom
807 1234 913 1293 mouet
935 1234 972 1292 ot
995 1224 1165 1293 obiectum.
1190 1225 1341 1294 Similiter
1364 1233 1471 1294 autem
1495 1231 1527 1294 et
1543 1226 1713 1293 virtusve

216 1338 299 1407 lendi
322 1358 342 1406 a
365 1338 432 1407 solo
455 1339 520 1407 Deo
543 1347 703 1408 causatur.
727 1340 815 1409 Velle
838 1342 923 1408 enim
947 1340 1026 1408 nibil
1049 1341 1138 1408 aliud
1161 1347 1210 1409 est
1240 1359 1338 1428 quam
1362 1340 1521 1410 inclinatio
1553 1340 1712 1428 quaedam

215 1454 246 1522 in
269 1455 429 1523 obiectum
453 1455 646 1537 voluntatis,
670 1455 756 1544 quod
780 1464 828 1525 est
851 1457 970 1524 bonum
994 1455 1184 1525 universale.
1211 1457 1380 1525 inclinare
1402 1464 1514 1524 uatem
1538 1456 1575 1524 in
1591 1456 1712 1525 bmritm

215 1570 404 1638 certioersule
418 1571 586 1657 estprboi
607 1573 788 1654 mouentis,
811 1573 862 1641 cui
887 1572 1147 1660 proportionetur
1172 1572 1305 1641 ultimus
1321 1572 1456 1641 linis»...
1473 1572 1595 1641 Similia
1617 1572 1714 1641 babet

215 1687 244 1752 S.
274 1688 294 1753 l.
325 1688 357 1753 ll.
382 1708 411 1775 q.
436 1691 466 1756 o.
490 1708 519 1754 a.
545 1691 583 1769 6,
607 1688 661 1755 ubi
688 1688 718 1755 in
741 1706 857 1776 genere
880 1689 1031 1756 affirmat:
1051 1687 1311 1755 «Particularia
1345 1707 1453 1757 ceusu
1476 1708 1545 1756 um
1576 1689 1637 1757 rtet
1668 1689 1714 1755 in-

215 1802 425 1870 clinationem
442 1804 717 1883 universatem»,
742 1812 774 1873 et
798 1806 828 1873 iu
861 1805 917 1873 sol.
941 1805 982 1873 ad
1007 1805 1047 1872 3:
1067 1805 1182 1872 ulteris
1212 1811 1318 1873 moret
1349 1804 1543 1873 voluntatem
1576 1805 1716 1873 bominis

215 1918 298 1986 sic-ut
321 1920 512 1989 universalis
536 1929 639 1989 motor
662 1922 710 1989 od
731 1920 922 1989 ureicrersule
944 1920 1106 1988 obiectum
1127 1920 1334 2001 uelocitatis,
1358 1930 1388 1987 et
1409 1920 1482 1989 siue
1504 1918 1568 1988 boc
1584 1921 1717 1988 oriioer-

215 2035 283 2102 soli
303 2036 455 2116 protimus,
479 2038 575 2105 borno
598 2057 660 2105 non
684 2044 787 2126 potest
808 2037 929 2125 aliquid
953 2037 1049 2117 velle,
1072 2037 1129 2105 sed
1152 2037 1249 2105 bomo
1272 2056 1330 2125 per
1353 2036 1507 2105 rationem
1523 2037 1718 2105 determinat

216 2172 251 2220 se
273 2153 314 2219 ad
338 2154 511 2222 colendum
536 2155 594 2222 boo
618 2154 669 2222 vel
693 2153 791 2235 illud,
813 2152 899 2241 quod
923 2158 971 2221 est
994 2171 1107 2221 verum
1126 2152 1176 2221 uel
1198 2171 1357 2240 apperens
1372 2152 1511 2233 bonum;
1533 2152 1590 2221 sed
1607 2160 1715 2220 buren

217 2267 377 2337 interdum
399 2268 586 2355 specialiter
610 2268 694 2338 Deris
718 2276 824 2337 movet
846 2268 997 2356 aliquos»
1015 2275 1073 2336 eto.
1098 2267 1141 2336 lle
1166 2268 1305 2339 Potentia
1327 2274 1448 2356 quaest.
1477 2269 1559 2356 disp.
1596 2272 1646 2337 16.
1673 2269 1719 2338 de

218 2384 430 2452 daemonibus
451 2404 480 2452 a.
503 2387 535 2452 8.
557 2403 644 2472 oorp.
665 2385 753 2454 eirca
776 2384 888 2452 finem:
909 2384 1040 2453 «llotus
1062 2391 1169 2452 autem
1194 2383 1367 2453 voluntatis
1382 2386 1541 2453 humanae
1556 2384 1720 2471 dependet

216 2520 257 2567 ex
281 2519 407 2569 strumro
429 2500 541 2569 ordine
564 2519 692 2582 rerum,
715 2501 770 2588 qui
795 2508 843 2569 est
866 2519 1029 2569 summum
1054 2499 1184 2581 bonum
1207 2500 1293 2587 quod
1316 2502 1411 2570 eliam
1439 2500 1618 2569 secumdum
1650 2499 1721 2569 em

217 2625 320 2685 tonem
344 2625 376 2684 et
399 2616 595 2685 Aristotelem
620 2616 748 2704 ponitur
778 2617 933 2685 altissima
961 2634 1067 2685 eausa.
1090 2616 1244 2684 Voluntas
1270 2614 1354 2684 enim
1391 2634 1453 2683 non
1483 2623 1533 2685 est
1565 2614 1720 2683 dietim

217 2730 295 2799 boici
312 2731 538 2819 particularis
561 2741 597 2799 ot
617 2731 755 2819 proprii
776 2732 892 2799 obiecti
899 2784 908 2810 ‚
924 2733 983 2799 sed
999 2731 1075 2799 boui
1097 2730 1309 2813 uniuersalis,
1325 2731 1425 2799 eitius
1444 2731 1550 2799 rodis
1564 2740 1612 2799 est
1626 2751 1720 2799 aare·
1823 2728 1827 2735 '

216 2867 309 2915 ritum
333 2848 452 2916 meere
465 2873 496 2914 ».
519 2848 696 2917 concordat
719 2849 749 2915 S.
773 2847 1010 2929 llonaventura,
1033 2847 1146 2914 ltirrec.
1177 2848 1336 2916 membr.
1361 2847 1398 2916 3:
1421 2848 1550 2916 clarita
1582 2854 1633 2915 est
1665 2846 1719 2917 uis

216 2964 334 3032 summi
358 2964 449 3045 botri,
473 2973 509 3032 ut
532 2946 611 3032 nibil
634 2963 694 3031 nisi
718 2981 776 3051 per
799 2964 885 3032 illius
908 2963 1103 3033 desiderium
1127 2984 1147 3031 a
1170 2970 1319 3033 creatum
1351 2963 1449 3050 possit
1478 2963 1599 3044 amari,
1629 2981 1720 3051 quae

217 3086 292 3149 tune
315 3079 436 3148 fallitur
457 3087 490 3148 et
512 3086 617 3157 errat.
640 3084 715 3148 oum
739 3078 874 3165 effigiem
898 3087 929 3146 et
952 3079 1161 3147 simulacrum
1178 3079 1385 3166 proceritate
1408 3085 1553 3166 eooeptnt
1574 3078 1646 3163 (cir.
1666 3079 1717 3145 lV.

217 3197 301 3263 Sent.
324 3196 356 3264 d.
378 3196 431 3263 ld.
456 3215 487 3283 p.
511 3196 530 3263 l.
555 3215 584 3263 a.
611 3198 638 3261 l.
656 3216 685 3282 o.
703 3196 756 3280 bt).
774 3234 818 3245 -
834 3196 894 3264 Sed
910 3195 1004 3263 sirnili
1029 3195 1149 3263 ratione
1174 3195 1300 3263 videtur
1325 3194 1504 3263 intellectus
1520 3194 1669 3262 inclinari
1684 3202 1719 3262 et

216 3312 337 3381 truciteri
362 3320 393 3381 et
415 3311 620 3379 immobiliter
643 3311 848 3379 determinari
871 3310 911 3379 ad
942 3330 1058 3377 oerum
1087 3310 1276 3377 etniuersule
1306 3310 1400 3397 eique
1429 3309 1595 3391 oorrireoti,
1628 3309 1718 3379 siout

219 3429 365 3497 viiluntas
387 3428 427 3496 ad
452 3427 575 3495 bonum
598 3426 809 3506 ‘rcrtiuersolae
831 3434 863 3495 et
885 3427 1013 3515 quaudo
1036 3427 1182 3494 viiluntas
1206 3446 1272 3493 oon
1295 3434 1444 3493 rimaretur
1466 3424 1670 3514 sccffteieoter
1685 3434 1722 3495 ct

217 3545 386 3614 efficaciter
408 3565 428 3612 a
450 3545 533 3613 borio
555 3563 775 3632 otiosumque,
798 3544 855 3612 sod
879 3562 936 3630 per
953 3569 969 3605 «
985 3542 1232 3610 irrelirmtiooem
1262 3541 1510 3620 attriversolem,
1537 3558 1636 3629 quam
1661 3542 1722 3610 dat

218 3663 304 3731 Deus
314 3687 346 3742 »,
369 3660 459 3745 argui
485 3678 577 3748 posse
602 3659 738 3741 videtur,
762 3660 821 3728 boo
844 3659 1021 3726 seminudo
1047 3658 1151 3726 valere
1174 3658 1269 3726 etiam
1293 3657 1398 3745 quoad
1423 3655 1633 3738 intellectum,
1661 3658 1723 3745 oui

219 3777 422 3846 immobiliter
438 3776 634 3844 eonnectitur
649 3778 724 3845 'oum
735 3776 872 3843 ueritate
885 3775 921 3842 in
932 3773 1119 3842 errimusoti
1129 3781 1160 3842 et
1173 3792 1246 3842 eum
1259 3774 1371 3860 primis
1384 3772 1555 3861 principiis.
1567 3771 1721 3842 Eiusdem

219 3895 250 3961 in
274 3896 333 3963 liae
355 3900 446 3980 parte
468 3892 656 3961 conditionis
678 3911 748 3961 esse
773 3892 965 3960 uoluntatem
989 3898 1022 3959 et
1044 3890 1255 3970 intellectum,
1280 3888 1407 3958 disertis
1432 3888 1543 3983 ⁴verbis
1575 3888 1724 3957 atilrmat

219 4010 394 4078 blattbaeus
415 4009 457 4077 ab
479 4009 783 4096 bunaspartatqde
799 4007 974 4075 rationibus
996 4006 1134 4076 aeternis
1156 4006 1197 4073 ad
1214 4006 1297 4089 ddi:
1318 4006 1432 4074 «Siout
1443 4004 1622 4073 intellectus
1638 4024 1726 4073 nun-

218 4144 314 4213 quam
338 4124 458 4212 aliquid
482 4131 685 4210 cognosceret
706 4122 971 4191 certitudiualitor
987 4123 1054 4190 sino
1079 4122 1165 4189 illius
1181 4121 1322 4189 veritatis
1339 4120 1570 4201 illustratione,
1593 4119 1639 4188 ita
1659 4140 1724 4193 nee

218 4244 350 4313 atlleotus
371 4242 493 4329 aliquid
516 4242 661 4310 ordinate
684 4241 831 4328 diligeret
853 4240 920 4308 sine
944 4240 1029 4307 illius
1052 4238 1200 4306 bonitatis
1223 4238 1395 4307 allectione.
1421 4237 1519 4304 lrnmo
1537 4236 1632 4324 plane
1649 4239 1726 4307 uult

218 4359 430 4445 Augustinus
453 4358 539 4445 quod
565 4357 594 4424 in
620 4357 756 4445 peccatis
780 4376 842 4424 non
867 4357 1027 4443 appetitur
1051 4354 1109 4424 nisi
1135 4354 1306 4422 beatitudo.
1333 4354 1368 4421 Et
1391 4352 1538 4440 qrramvis
1567 4354 1725 4424 naturali·

219 4482 466 4555 immoremur,
490 4480 594 4541 umen
620 4475 679 4541 boe
702 4481 750 4541 est
773 4472 813 4541 de
836 4480 950 4540 noma
973 4490 1049 4552 sua;
1073 4478 1105 4539 et
1135 4470 1217 4539 siccat
1240 4469 1414 4539 intellec-tui
1445 4468 1565 4537 assistit
1599 4469 1726 4541 veritas

219 4590 399 4665 illustrans,
423 4590 468 4658 sie
488 4588 613 4657 ellectui
638 4588 761 4657 bouitas
783 4586 922 4676 orrodam
947 4588 1042 4655 modo
1064 4587 1247 4667 afficiens».

310 4705 431 4773 Deinde
454 4724 514 4772 non
539 4704 655 4772 desunt
679 4704 856 4773 testimonia
879 4722 1046 4790 expressa,
1070 4722 1152 4791 quae
1177 4702 1325 4789 probant,
1348 4703 1377 4768 S.
1413 4702 1565 4769 Tirouram
1603 4702 1724 4789 prinoi-

219 4823 306 4910 pium
333 4822 392 4888 boo
415 4821 500 4889 eirca
520 4819 713 4888 volumtatem
731 4820 984 4888 demonstratum
1000 4820 1095 4887 etiam
1119 4818 1158 4886 ad
1177 4818 1370 4886 intellectum
1388 4817 1573 4905 applicasse.
1590 4818 1726 4888 Praeter

220 4938 304 5006 locos
328 4938 390 5005 iam
415 4956 513 5024 supro
537 4935 665 5024 positos,
690 4936 720 5003 in
745 4936 934 5021 Quaestione
958 4934 1052 5002 unica
1075 4935 1115 5001 de
1138 4932 1244 5000 anima
1266 4952 1294 4999 a.
1320 4935 1349 4999 5.
1374 4932 1494 5020 pmlert
1509 4930 1724 5003 obiectionem

219 5056 316 5121 llario:
342 5053 368 5120 si
394 5054 572 5122 intellectus
595 5071 692 5138 ageris
725 5059 809 5119 esset
843 5049 963 5138 aliquid
988 5049 1127 5130 aninmo,
1161 5048 1273 5117 ultima
1307 5048 1458 5134 perfectio
1491 5055 1523 5115 et
1554 5046 1725 5119 beatitudo

218 5171 343 5237 neumae
366 5175 449 5237 esset
474 5170 505 5236 in
528 5168 645 5255 aliquo,
662 5167 746 5255 quod
764 5174 848 5236 esset
872 5166 902 5233 in
926 5165 1009 5253 ipsa;
1032 5166 1071 5233 ad
1096 5184 1191 5253 oriam
1217 5164 1261 5232 sic.
1284 5164 1455 5252 respondet
1479 5163 1535 5249 (ed
1553 5164 1617 5247 bl:
1637 5188 1655 5225 (ι
1672 5166 1725 5233 Di·

219 5286 374 5367 ceudum,
398 5284 485 5373 qiiod
509 5283 687 5352 intellectus
710 5301 807 5370 agens
828 5302 895 5349 ⁴uon
917 5281 1040 5371 sufficit
1059 5302 1122 5370 per·
1145 5301 1180 5348 cc
1203 5280 1243 5347 ad
1267 5278 1485 5348 reducendum
1522 5279 1723 5350 intellectum
