3870 6488
215 393 258 463 ὃν
771 407 882 456 snncn
907 405 1160 456 nenotenarsis

303 538 356 607 Est
379 536 475 604 etiarn
506 531 723 621 principaliter
752 530 942 599 andiendus
968 547 1027 618 per
1057 530 1270 599 humilitatem
1299 527 1391 610 ddei,
1422 529 1600 598 seeundum
1629 527 1709 595 illud

213 651 354 719 lsaiae¹:
378 649 543 720 Dontinns
565 648 654 715 dedit
676 644 762 715 milti
783 646 936 735 lingnam
958 647 1140 727 ertulitam,
1163 655 1201 714 nt
1223 646 1332 714 seiam
1345 655 1534 715 ementare
1547 666 1636 725 enne,
1651 645 1712 735 gni

159 779 163 788 “
213 768 325 836 lassam
348 777 395 835 est
418 765 539 834 verbo:
563 763 663 852 erigit
685 782 796 842 nmine,
818 782 918 831 mane
940 763 1041 852 erigit
1062 760 1149 831 nrilti
1162 782 1296 842 annena,
1312 770 1351 829 nt
1365 762 1509 831 acediam
1519 780 1596 829 enm
1611 761 1713 850 gelasi

212 884 427 974 magmenm
452 882 503 950 llis
526 881 603 949 dicit
624 879 740 968 erigit,
763 879 840 967 quia
861 898 924 947 non
955 878 1091 961 sullicit,
1114 879 1201 969 quod
1232 880 1323 949 auris
1351 887 1459 948 nostre
1491 877 1635 966 erigatur
1669 877 1712 947 ad

212 998 475 1087 intelligendam,
499 997 560 1065 nisi
582 996 679 1065 etiam
700 995 843 1083 erigatur
866 994 908 1063 ad
932 993 1157 1063 obediendam.
1170 995 1301 1084 Propter
1315 995 1403 1085 quod
1418 994 1537 1064 dicitur
1562 992 1712 1063 Matthaei

212 1113 337 1183 decimo
360 1112 493 1181 tertio²:
519 1111 587 1197 Qni
608 1109 703 1179 dolet
724 1130 828 1179 aures
849 1111 1022 1191 andundi,
1046 1111 1176 1179 andiol.
1192 1111 1339 1181 Christus
1353 1112 1439 1180 euim
1454 1111 1548 1181 docet
1569 1129 1629 1180 nos
1648 1129 1713 1178 non

214 1237 336 1298 notram
360 1229 480 1310 verbo,
503 1229 559 1298 sed
584 1229 678 1298 etiam
703 1227 870 1316 exemplo;
893 1237 926 1297 et
940 1227 1012 1296 ideo
1027 1246 1090 1295 non
1105 1234 1153 1297 ert
1169 1228 1328 1315 perlectus
1350 1227 1494 1311 auditor,
1516 1228 1577 1297 nisi
1591 1244 1715 1296 acrom-

214 1347 321 1416 model
343 1346 582 1433 intelligentiam
606 1344 714 1415 verbis
737 1353 768 1414 et
790 1343 1003 1413 obedientiam
1026 1343 1125 1414 lactis.
1156 1344 1289 1433 l’ropter
1307 1345 1406 1432 ,guod
1443 1346 1546 1414 lorea
1568 1348 1662 1413 sexto
1678 1343 1713 1411 ³:

215 1458 390 1549 Perfectus
413 1462 522 1530 ments
544 1461 621 1541 erit,
642 1460 676 1527 si
696 1460 741 1527 sit
761 1460 850 1528 eicon
871 1461 1129 1549 magnaram.

305 1578 475 1647 listellam
499 1577 715 1666 principaliter
738 1576 999 1666 interrogantes
1022 1594 1080 1665 per
1101 1576 1298 1646 desiderium
1322 1576 1518 1659 addiscendi,
1541 1595 1606 1647 non
1629 1575 1713 1645 sient

214 1693 331 1761 conosi
348 1701 381 1762 et
396 1692 571 1775 increduli,
585 1693 642 1780 qui
658 1693 853 1779 interrogant
868 1693 1032 1773 mnmndn,
1045 1693 1192 1762 ltattlnei
1208 1692 1399 1763 duodecimo
1411 1693 1438 1761 ⁴:
1462 1692 1714 1782 Responderunt

213 1808 354 1898 guidam
370 1808 409 1877 de
424 1807 552 1878 &rien
576 1809 733 1876 dmentem
749 1808 920 1897 Magister,
935 1806 1090 1876 nolanam
1104 1828 1129 1877 a
1144 1814 1174 1876 te
1187 1808 1324 1897 agnam
1338 1807 1461 1877 videre
1476 1808 1573 1897 Signa
1592 1808 1712 1898 quippe

214 1923 360 1992 viderant
380 1931 412 1993 et
435 1923 603 2006 ridebant,
626 1930 658 1992 et
680 1929 785 1992 tamen
808 1922 915 1991 adhuc
937 1923 1063 2010 signum
1078 1923 1290 2012 quaerebant,
1313 1931 1350 1992 ut
1364 1941 1423 2012 per
1439 1923 1499 1993 hoa
1513 1923 1712 2005 ostendatur,

213 2040 299 2126 guod
323 2039 464 2111 bumana
487 2040 654 2109 curiositas
675 2058 737 2107 non
761 2038 858 2108 habet
881 2040 1055 2107 terminum
1085 2057 1144 2109 nec
1173 2046 1317 2109 meretur
1349 2038 1482 2127 perduci
1512 2038 1553 2109 ad
1586 2057 1711 2109 rerum.

215 2154 302 2225 Unde
336 2172 526 2244 responsum
548 2162 597 2224 est
619 2155 689 2237 eis,
709 2154 796 2242 quod
826 2154 963 2243 eigilem
995 2174 1063 2222 nora
1090 2154 1229 2223 daliter
1262 2155 1310 2223 aas
1343 2154 1413 2223 nisi
1439 2154 1577 2243 matam
1610 2154 1713 2223 Ionae

210 2268 399 2359 propinatae.
421 2270 487 2340 Non
510 2271 571 2339 hoc
593 2271 689 2339 modo
710 2270 957 2357 interrogandus
978 2277 1027 2339 est
1049 2271 1157 2353 lesus,
1185 2271 1241 2340 sed
1265 2270 1430 2353 stradiose,
1461 2270 1544 2340 sicut
1579 2270 1714 2341 interro

213 2387 300 2473 gavit
331 2404 407 2455 eurn
432 2386 636 2468 Nicodemum
664 2386 705 2457 de
731 2403 797 2475 guo
827 2384 951 2455 loannis
976 2386 1095 2456 tertio⁵
1123 2386 1257 2470 dicitnr,
1280 2387 1367 2475 quod
1398 2386 1488 2455 venit
1518 2386 1568 2455 ad
1600 2386 1713 2455 lesam

212 2510 306 2570 nocte
327 2510 358 2570 et
378 2501 468 2570 dreit
487 2502 539 2569 ei:
564 2500 680 2584 natm,
701 2502 840 2582 seinans,
862 2503 945 2592 guia
959 2522 983 2571 a
999 2503 1066 2571 Deo
1087 2503 1208 2572 maesti
1229 2502 1391 2593 magister
1412 2510 1491 2581 etc..
1506 2511 1539 2573 et
1557 2502 1714 2573 subditur

213 2618 268 2701 ibi,
290 2618 376 2707 quod
400 2619 487 2688 lesus
509 2620 636 2707 aperuit
657 2618 688 2688 ei
709 2620 860 2706 mysteria
883 2618 979 2701 lidei,
994 2638 1054 2706 pro
1077 2637 1116 2689 eo
1138 2620 1225 2708 quod
1247 2640 1310 2689 non
1333 2620 1509 2709 quaerebat
1536 2619 1628 2708 signa
1650 2620 1716 2688 rir-

213 2735 313 2817 tutis,
335 2734 392 2805 sed
416 2735 607 2805 documenta
630 2735 783 2805 ueritatis.

301 2851 549 2939 interrogandus
570 2859 619 2921 est
639 2858 746 2921 autem
771 2851 823 2921 hic
846 2851 998 2939 magister
1020 2851 1062 2920 de
1085 2852 1136 2923 his
1159 2869 1241 2939 quae
1267 2858 1412 2941 spectant
1432 2850 1475 2921 ad
1508 2850 1716 2935 namnam,

213 2965 254 3033 ad
278 2966 493 3054 disciplinam
517 2974 549 3036 et
572 2966 772 3047 tantitatem,
794 2967 973 3037 meandum
997 2967 1077 3037 illud
1111 2967 1224 3036 Psalmi
1239 2967 1273 3036 ⁶:
1298 2968 1486 3037 Banitatem
1507 2976 1538 3035 et
1565 2967 1719 3055 dempti-

213 3100 295 3149 nam
319 3090 350 3149 et
370 3082 545 3150 scientiam
568 3082 647 3149 close
668 3102 728 3150 me.
751 3081 899 3151 Sarmatia
922 3100 1060 3171 namque
1083 3083 1225 3152 consistit
1248 3064 1282 3152 in
1303 3083 1415 3153 notitia
1430 3084 1515 3165 veri,
1529 3081 1719 3172 disciplina

215 3196 247 3265 in
269 3197 394 3267 mutale
416 3199 514 3280 mali,
538 3196 668 3265 bonitas
691 3199 723 3266 in
746 3196 894 3286 eligantia
915 3198 1000 3267 boni.
1023 3198 1165 3267 Primum
1188 3197 1318 3286 respicit
1332 3198 1518 3281 veritatem,
1533 3198 1718 3269 modum

214 3314 342 3401 respicit
365 3314 582 3396 sanctitatem,
606 3313 736 3384 tertium
760 3314 890 3403 respicit
911 3315 1086 3383 caritatem.

303 3428 550 3517 lntermgandos
571 3437 620 3499 est
641 3447 719 3517 ergo
740 3429 781 3499 de
804 3429 856 3499 lris
882 3448 965 3519 quae
982 3436 1142 3518 spectant
1164 3429 1207 3497 ad
1232 3430 1406 3498 omitanm
1437 3428 1615 3512 scientiae,
1647 3448 1725 3525 non·

214 3543 321 3614 studio
344 3544 507 3626 tentandi,
541 3546 624 3615 sicut
654 3544 818 3614 mutabam
847 3545 995 3634 discipuli
1020 3544 1281 3627 l'lnrisaeorum,
1303 3545 1451 3615 ldattlraei
1480 3545 1635 3633 vigesimo
1671 3564 1722 3617 se

214 3658 358 3727 cundo²z
381 3659 553 3747 Magister,
575 3660 714 3740 eeimm,
737 3660 820 3751 gaeta
840 3678 948 3728 omae
970 3679 1004 3728 es
1026 3666 1085 3729 etc.
1111 3660 1146 3728 Et
1176 3661 1252 3749 quia
1285 3659 1380 3729 nmla
1406 3660 1585 3729 intentione
1616 3680 1720 3749 quae

214 3774 344 3856 rebant,
369 3773 439 3844 ideo
461 3792 651 3863 responsum
674 3783 723 3845 est
744 3777 811 3845 eis:
838 3776 928 3861 Qnid
940 3795 993 3844 nie
1008 3776 1152 3856 tentatis,
1175 3772 1396 3866 tgpoertmer
1418 3776 1501 3863 Quia
1522 3794 1601 3846 raro
1614 3794 1721 3867 gnae·

213 3890 352 3957 ationem
375 3889 516 3970 bonam,
528 3890 600 3959 ideo
611 3891 700 3961 dedit
722 3892 960 3979 responsionem
983 3909 1113 3972 veram:
1139 3890 1273 3959 Reddin
1294 3910 1374 3981 ergo
1396 3910 1483 3983 gnae
1495 3900 1578 3961 sant
1593 3891 1719 3963 Caesa·

213 4005 288 4085 ris,
313 4004 478 4087 Caesam
500 4014 532 4074 et
552 4025 638 4097 gnae
659 4015 740 4075 sant
764 4007 838 4087 Dei,
864 4008 939 4075 Deo.

303 4121 549 4210 interrogandus
570 4131 619 4193 est
641 4124 782 4193 maundo
804 4124 845 4195 de
868 4123 1024 4212 hisquae
1047 4130 1190 4211 spectant
1211 4122 1253 4192 ad
1275 4124 1486 4197 sanctitatem
1501 4124 1719 4214 dmerplmae,

213 4237 297 4307 sicut
331 4237 546 4326 interrogabat
580 4256 655 4311 eum
678 4237 733 4308 ille
755 4239 958 4322 adolescens,
992 4238 1087 4309 llarci
1111 4238 1274 4308 dec-imm:
1297 4240 1459 4329 Magister
1492 4240 1595 4322 lone,
1631 4242 1721 4333 gnid
1767 4274 1774 4283 ·

303 4524 312 4562 ¹
332 4524 396 4595 Cup.
416 4524 463 4594 ll),
483 4524 508 4579 l.
528 4525 638 4593 Vulgata
658 4527 752 4580 omittlt
768 4538 832 4582 enm
849 4532 908 4594 post
925 4528 959 4581 nl
974 4523 1095 4581 audiam

302 4623 313 4660 ²
332 4624 407 4681 νετε
427 4623 470 4678 li.

300 4720 313 4759 ³
332 4721 407 4776 Vera
427 4721 470 4776 lo.

301 4816 313 4855 ⁴
334 4818 407 4873 Vera.
428 4819 470 4873 38.
489 4819 615 4885 vulgata:
635 4819 711 4874 'l'une
738 4820 933 4889 responderunt
958 4820 982 4873 el
999 4818 1109 4889 qrrldom
1132 4816 1167 4870 de
1191 4816 1291 4872 Scribis
1309 4825 1335 4872 et
1358 4820 1505 4877 Ρττετίεεείε
1521 4820 1669 4881 dloenlea..
1690 4828 1725 4885 Ετ

213 4930 284 4972 τετε.
304 4917 351 4973 ³9:
370 4918 420 4986 Qut
438 4917 602 4985 respondens
620 4921 655 4973 alt
673 4919 733 4973 lllls:
752 4920 889 4974 Generutlo
907 4918 976 4972 molo
994 4924 1020 4971 et
1037 4916 1154 4972 adultero
1173 4918 1279 4982 slgnuni
1299 4922 1416 4987 quaerit,
1433 4926 1461 4975 et
1477 4923 1585 4989 meum
1604 4937 1659 4979 non
1674 4926 1725 4981 do·

212 5014 285 5069 lrltur
300 5017 326 5069 el
344 5016 419 5069 alsi...

301 5113 406 5168 trees
426 5114 451 5169 a.
1395 5115 1466 5172 trs.
1489 5118 1556 5187 ne,
1576 5120 1623 5177 eo.

301 5210 407 5266 vves.
427 5212 470 5266 ra.
491 5213 532 5266 τε.
552 5214 595 5267 n.
1564 5234 1567 5239 -

301 5309 313 5346 ⁸
331 5311 405 5364 vers.
428 5309 467 5363 ll.
481 5310 608 5376 Vulgum:
623 5310 773 5383 percipiam
792 5327 841 5380 pro
857 5314 1017 5386 posmdeam.
