3870 6488
215 328 280 397 ant
785 344 936 405 eunusno
959 345 1130 395 mseurnrn

212 471 301 558 plar,
324 470 409 559 quod
434 469 530 538 habet
553 469 583 539 iu
608 475 714 539 mente
737 469 860 551 divina,
883 469 1071 538 naturaliter
1094 473 1197 557 potest
1212 485 1403 556 cognoscere
1427 485 1541 537 rerum
1565 472 1713 536 creatum

215 586 247 653 in
269 585 403 654 veritate
425 585 595 653 aeterna¹:
620 603 697 673 ergo
720 583 857 673 Angelus
881 584 930 653 vel
953 586 1049 653 homo
1064 585 1253 653 naturaliter
1269 583 1415 671 intelligit
1431 601 1544 652 rerum
1567 588 1713 652 creatum

214 700 245 768 in
270 701 402 770 ueritate
424 707 563 769 aeterna.

303 820 333 883 7.
356 817 453 898 ltem,
476 816 562 885 Deus
585 815 643 883 lux
667 821 769 884 estet
793 833 919 884 summe
943 815 1075 883 intimus
1098 814 1287 899 intellectui;
1321 815 1377 885 sod
1401 814 1581 883 intellectus
1609 819 1715 902 potest

215 931 390 1019 intelligere
414 948 528 999 verum
557 929 589 998 iu
622 930 743 999 lumine
756 929 779 1011 ¹,
803 950 867 1019 quo
891 930 1098 1013 informatur,
1122 937 1251 1019 propter
1274 930 1336 999 huc
1358 930 1445 1018 quod
1467 929 1643 999 intellectui
1668 933 1718 997 est

214 1046 374 1114 intimum:
398 1063 476 1133 ergo
498 1044 599 1113 multo
623 1045 738 1114 lortius
761 1052 865 1133 potest
887 1045 1063 1132 intelligere
1087 1064 1201 1115 verum
1217 1052 1360 1114 creatum
1377 1046 1409 1114 iu
1424 1053 1555 1115 aeterno
1578 1044 1715 1123 lumino,

213 1180 287 1230 cnm
321 1161 362 1229 sit
395 1159 567 1229 intellectui
603 1162 705 1247 magis
736 1160 901 1245 intimum,
925 1163 1073 1249 quamuis
1104 1162 1170 1250 ipse
1202 1161 1380 1231 intellectus
1414 1168 1541 1231 creatus
1570 1179 1635 1229 non
1671 1158 1717 1226 in

213 1277 377 1345 lormetur.

302 1393 334 1459 8.
357 1392 448 1474 Item,
471 1391 600 1460 scientia
634 1398 681 1460 est
715 1391 755 1460 do
790 1391 889 1462 rebus
925 1392 1192 1467 immutabilibus,
1216 1392 1393 1462 secundum
1416 1392 1584 1462 Boethium
1608 1392 1715 1480 primo

212 1509 434 1577 Aritunettone
447 1507 477 1589 ';
493 1507 549 1576 sod
573 1514 738 1576 creaturae
754 1526 815 1575 non
833 1508 951 1576 habent
972 1526 1041 1577 esse
1066 1507 1263 1576 immutabile
1287 1508 1346 1576 nisi
1364 1508 1396 1575 in
1411 1514 1541 1577 aeterna
1563 1508 1714 1575 ueritate:

213 1642 290 1708 ergo
313 1623 441 1692 scientia
464 1641 525 1690 non
550 1630 598 1692 est
620 1623 661 1691 de
684 1623 840 1690 creaturis
863 1623 923 1693 uisi
952 1624 1128 1692 secundum
1164 1641 1250 1704 esse,
1274 1622 1361 1710 qrrod
1385 1623 1503 1692 hahent
1526 1622 1558 1690 iu
1582 1630 1716 1691 aeterna

214 1740 364 1819 ueritate3
387 1739 442 1807 sed
466 1746 514 1807 ost
536 1738 643 1826 aliqua
667 1739 797 1806 scientia
812 1739 980 1807 naturalis:
998 1757 1074 1825 ergo
1091 1738 1279 1806 naturaliter
1295 1737 1414 1808 scimus
1430 1754 1544 1806 uerum
1567 1743 1715 1807 creatum

213 1857 245 1924 in
269 1862 398 1924 aeterua
422 1856 564 1923 veritate.

302 1971 332 2037 9.
357 1969 447 2050 ltem,
471 1968 579 2058 aliqua
614 1968 801 2037 naturaiiter
837 1968 1044 2056 intelligimus
1078 1969 1140 2037 sub
1173 1968 1365 2038 certitudine
1373 1994 1383 2050 ;
1413 1968 1469 2037 sed
1505 1967 1584 2036 nihil
1607 1972 1716 2055 potest

213 2084 344 2170 intelligi
367 2085 429 2153 sul)
464 2084 653 2153 certitudine
687 2084 719 2151 in
755 2084 875 2152 lumine
907 2084 1066 2153 mutabili:
1102 2102 1180 2171 ergo
1214 2083 1371 2172 quidquid
1407 2083 1614 2170 intelligimus
1650 2082 1714 2151 suh

212 2199 419 2281 certitudine,
444 2198 650 2286 intelligimus
673 2199 703 2267 iu
729 2199 849 2269 lumine
886 2199 1085 2268 immutabili.
1110 2201 1171 2269 sed
1205 2199 1331 2269 nullum
1355 2208 1404 2269 est
1426 2199 1536 2269 lumen
1564 2200 1716 2268 immuta·

213 2316 276 2384 hile
299 2315 358 2383 nisi
382 2322 510 2383 aeterua
534 2315 663 2383 ueritas:
688 2334 764 2402 ergo
787 2316 942 2404 quidquid
968 2316 1173 2404 intelligimus
1196 2317 1258 2385 sub
1281 2317 1488 2398 certitudine,
1505 2316 1717 2403 intelligimus

213 2431 244 2498 in
267 2439 393 2499 aeterna
418 2431 560 2499 ueritate.
585 2430 645 2498 Sed
663 2430 761 2499 multa
780 2431 969 2501 naturaliter
986 2432 1194 2521 intelligimus
1209 2432 1270 2501 sub
1286 2432 1493 2502 certitudine:
1516 2449 1594 2521 ergo
1610 2431 1718 2501 multa

213 2546 400 2614 naturaliter
423 2545 631 2633 intelligimus
656 2547 687 2614 in
711 2553 840 2615 aeterua
863 2547 1007 2616 veritate.

305 2663 355 2728 lu.
380 2659 472 2740 item,
493 2662 688 2746 Augustinus
710 2663 815 2748 primo
838 2662 1120 2751 Soliloquiorum⁴2
1153 2662 1387 2750 «intelligibilis
1410 2668 1458 2732 est
1480 2662 1577 2744 Deus,
1598 2660 1716 2731 intelli-

212 2775 320 2862 ginilia
343 2775 584 2863 disciplinarum
608 2778 947 2874 spectaminatameu
971 2779 1147 2865 plurimum
1171 2779 1333 2848 dillerunt.
1368 2779 1445 2847 Nam
1469 2785 1501 2847 et
1525 2786 1610 2847 terra
1640 2778 1716 2847 visi·

213 2889 286 2959 bilis
307 2897 339 2958 et
362 2890 439 2972 lux,
463 2891 518 2960 sed
545 2899 630 2960 terra
654 2893 713 2960 nisi
736 2892 807 2961 luco
832 2893 991 2962 illustrata
1016 2894 1116 2963 rideri
1141 2914 1202 2962 non
1226 2902 1344 2980 potest:
1370 2902 1501 2981 ergoet
1536 2894 1590 2963 illa
1625 2913 1714 2982 quae

214 3006 245 3072 in
268 3004 443 3094 disciplinis
465 3006 653 3089 traduntur,
677 3026 758 3096 quae
782 3009 918 3096 ortisque
942 3009 1107 3078 verissime
1130 3009 1219 3078 nulla
1242 3010 1439 3078 dubitatione
1462 3010 1622 3091 concedit,
1646 3028 1717 3079 rre-

213 3121 354 3190 dendum
377 3130 425 3191 cst
449 3129 640 3192 tamennon
664 3143 756 3212 posse
780 3124 923 3212 intelligi,
947 3125 1006 3194 uisi
1030 3124 1071 3193 ab
1096 3126 1150 3193 illo
1177 3126 1269 3215 qrrasi
1292 3144 1352 3195 suo
1386 3126 1451 3195 sole
1488 3126 1713 3195 illustrentur:

212 3253 289 3324 ergo
311 3238 394 3306 sicut
416 3239 448 3306 in
472 3239 532 3307 isto
555 3238 621 3308 sole
645 3241 705 3307 tria
725 3239 882 3328 qliaedam
907 3240 981 3309 licet
1002 3241 1180 3322 aduertere,
1204 3241 1288 3329 quod
1314 3248 1372 3322 est,
1395 3242 1481 3329 quod
1497 3241 1607 3328 fulget,
1625 3242 1718 3330 quud

213 3354 388 3434 illuminet,
412 3353 454 3420 ita
476 3354 508 3422 iu
531 3354 585 3422 illo
608 3355 821 3423 secretissimo
843 3355 908 3424 Deo
931 3356 993 3423 tria
1015 3356 1172 3443 quaedam
1197 3362 1290 3438 sunt,
1314 3356 1399 3444 qrrod
1423 3364 1489 3437 est,
1511 3356 1596 3444 quod
1624 3357 1720 3425 iutel-

212 3471 296 3558 ligit,
319 3470 404 3558 quod
429 3476 534 3538 cetera
557 3470 686 3556 intelligi
710 3470 826 3539 lacit».
853 3466 933 3557 Ergo
949 3488 1031 3559 qrrae
1046 3491 1065 3539 a
1082 3471 1172 3540 uobis
1197 3470 1434 3559 intelliguntur,
1451 3473 1482 3539 in
1499 3471 1565 3540 sole
1580 3479 1719 3539 aeterno

211 3587 440 3674 intelliguntur.
465 3585 516 3653 Sol
543 3592 650 3654 autem
674 3586 849 3675 spiritualis
872 3594 903 3655 et
937 3594 1087 3656 aeternus
1108 3594 1157 3656 est
1187 3595 1317 3657 aeterua
1344 3589 1480 3669 veritam
1503 3605 1579 3674 ergo
1614 3605 1717 3675 quae

211 3719 349 3790 cumque
371 3721 391 3770 a
414 3700 504 3770 nobis
527 3700 758 3788 intelliguntur,
783 3702 813 3770 iu
837 3710 966 3771 aeterna
989 3704 1122 3772 veritate
1151 3703 1388 3791 intelliguntur;
1411 3704 1468 3773 sed
1491 3702 1594 3772 multa
1618 3703 1714 3773 iutel-

212 3820 362 3908 ligimus⁵
386 3819 586 3888 naturaliter:
610 3836 687 3906 ergo
710 3818 898 3887 naturaliter
923 3819 1023 3887 multa
1047 3819 1253 3907 intelligimus
1277 3821 1308 3887 in
1332 3826 1462 3889 aeterne
1485 3819 1628 3888 ueritate.

304 3937 353 4003 ll.
378 3935 465 4015 ltem,
489 3933 682 4020 Augustinus
698 3935 791 4001 tertio
807 3934 847 4004 de
863 3933 975 4002 libero
991 3935 1136 4014 Arllitrio,
1152 3934 1291 4022 capitulo
1305 3935 1439 4024 qulut0⁶
1454 3935 1530 4004 dicit
1545 3935 1601 4016 sic,
1623 3936 1717 4023 quod

221 4070 309 4119 «uon
334 4050 520 4137 cogitatione
543 4050 708 4118 videretur
730 4049 850 4137 aliquid
875 4048 972 4118 luisse
988 4048 1167 4124 laciendum
1184 4049 1243 4119 nisi
1268 4049 1298 4118 in
1314 4051 1366 4119 his
1382 4050 1565 4131 rationibus,
1589 4051 1717 4138 qrribus

211 4168 293 4237 lacta
316 4174 390 4236 suut
412 4166 518 4235 omnia
532 4196 562 4233 ι.
588 4165 622 4235 Et
645 4166 784 4253 capitulo
807 4165 931 4234 decimo
953 4172 1046 4234 sexto
1068 4165 1165 4247 dicit,
1189 4166 1275 4254 quod
1298 4185 1361 4235 uon
1384 4166 1471 4235 uidet
1495 4167 1606 4248 homo,
1629 4169 1716 4255 quid

212 4285 316 4353 {atcere
340 4283 471 4363 debeat,
495 4282 554 4350 nisi
579 4283 610 4349 iu
634 4281 689 4349 illo
712 4281 765 4369 qui
789 4287 838 4350 est
868 4280 1136 4350 incommutabilis
1167 4283 1294 4350 ueritas.
1320 4282 1366 4351 En
1389 4283 1440 4350 iris
1469 4282 1722 4354 auctoritatibus

212 4407 314 4486 patet,
337 4405 374 4467 ut
397 4396 538 4477 uidetur,
561 4395 647 4484 quod
670 4413 753 4484 quae
775 4395 991 4484 intelligimus,
1015 4395 1046 4463 in
1069 4403 1198 4466 aeterua
1221 4398 1354 4466 ueritate
1378 4397 1593 4485 intelligimus.

303 4658 312 4695 ¹
333 4659 367 4727 A,
386 4659 485 4713 omisso
503 4671 617 4723 eornm,
639 4654 701 4723 legit
718 4657 804 4726 potest
822 4668 981 4728 concrescere
998 4657 1121 4711 creatum
1139 4653 1168 4711 in
1187 4653 1297 4712 acritate
1315 4654 1414 4712 diuino.

300 4755 312 4795 ²
331 4758 351 4810 A
372 4754 464 4811 lumen
482 4768 531 4823 pro
549 4753 578 4809 in
597 4752 706 4809 landae.

299 4853 393 4922 ’Cum
413 4854 437 4908 l.

302 4952 314 4990 ⁴
332 4953 395 5022 Cup.
416 4953 441 5006 8.
460 4966 485 5007 n.
506 4951 548 5006 td.
566 4948 649 5007 Codd.
668 4949 775 5005 easdem
794 4951 925 5005 t'nrlantrs
943 4949 1067 5005 loetloues
1085 4950 1110 5003 ln
1129 4949 1180 5004 Aoo
1198 4955 1267 5005 textu
1285 4950 1421 5019 eulrlbenl,
1441 4964 1509 5020 quae
1528 4956 1633 5007 notatae
1653 4964 1720 5012 suut

214 5069 295 5124 supra
315 5068 377 5121 pag.
396 5054 438 5118 99,
458 5059 518 5107 nolo
536 5051 562 5105 7.

303 5151 315 5187 ⁸
332 5151 352 5203 B
369 5148 567 5219 intelliguntur.

301 5248 313 5289 θ
333 5250 409 5304 Num.
430 5249 470 5302 l3.
490 5249 609 5320 Sequem
628 5253 712 5303 textus
731 5246 843 5302 lrubetur
861 5245 897 5302 lbl
916 5263 940 5302 u.
962 5243 1003 5302 ld.
