3870 6488
58 294 62 301 Ι
841 39 845 297 Ι
880 39 1352 305 Ι-

1029 376 1034 385 ι

799 755 983 807 PRAEFATIO.
1608 758 1638 805 lx

138 909 249 961 nexo
278 888 510 962 tractantes
544 878 822 961 adiunximus
850 909 899 961 eo
927 879 1035 987 fine,
1066 888 1114 961 ut
1142 879 1298 962 melius
1340 880 1636 991 perspiciatur,

137 1013 324 1094 admissa
363 1013 445 1095 hac
474 1010 514 1096 S.
545 1011 871 1095 Bonavcnturac
914 1014 1145 1122 sententia,
1190 1012 1438 1111 nullatenus
1477 1012 1639 1095 labefa-

137 1148 245 1229 ctari
273 1156 415 1229 cetera
441 1148 658 1257 principia
677 1148 795 1230 circa
813 1148 1047 1230 humanam
1068 1148 1373 1257 cognitionem,
1395 1178 1504 1259 quac
1524 1179 1639 1231 eom-

137 1284 327 1365 muniter
354 1311 380 1363 a
408 1280 685 1366 Scholasticis
714 1281 1017 1369 defenduntur.

245 1415 472 1525 AuctoreS,
504 1446 688 1527 quorum
726 1418 936 1525 opuscula
970 1417 1267 1527 publicamus,
1307 1416 1533 1500 manifeste
1575 1447 1637 1499 se-

142 1561 332 1659 quuntur
360 1551 546 1658 vestigia
575 1549 772 1633 Doctoris
811 1551 1031 1660 Seraphici
1064 1564 1107 1634 et
1140 1552 1269 1661 plane
1297 1554 1562 1634 conveniunt
1590 1552 1633 1632 in

140 1716 208 1794 eo,
240 1684 356 1795 quod
385 1697 450 1767 est
480 1697 612 1795 caput
639 1686 768 1767 huius
796 1685 1033 1796 doctrinae,
1065 1716 1212 1768 omnes
1241 1687 1370 1767 etiam
1391 1686 1639 1796 improbant

138 1821 499 1931 qualemcumque
536 1821 829 1903 immediatam
868 1823 1082 1904 rationum
1111 1833 1387 1903 aeternarum
1423 1823 1635 1902 visionem

138 1955 376 2037 seeundum
396 1955 635 2037 naturalem
651 1957 808 2038 mentis
822 1956 1034 2038 humanae
1050 1955 1314 2037 facultatem.
1331 1958 1536 2036 Attamen
1551 1984 1637 2035 non

138 2090 248 2170 nihil
277 2091 539 2173 dissentiunt
566 2102 658 2172 tum
689 2092 734 2171 in
762 2092 889 2173 modo
908 2092 1114 2201 loquendi
1135 2091 1187 2171 de
1216 2090 1443 2189 intellectu
1462 2099 1635 2196 agente,

138 2235 231 2306 tum
260 2226 305 2306 in
335 2226 662 2307 determinamla
699 2237 852 2308 natura
887 2237 930 2313 et
964 2225 1173 2336 qualitate
1210 2225 1483 2306 immediatae
1519 2223 1637 2303 illius

138 2359 480 2442 illuminationis
514 2359 619 2463 Quis
648 2390 795 2442 eorum
823 2362 966 2441 verius
993 2391 1082 2442 rem
1113 2361 1359 2468 exposuerit
1387 2371 1430 2441 et
1468 2356 1635 2440 ‹eonfor-

136 2495 250 2575 mins
279 2495 416 2577 menti
445 2494 484 2578 S.
515 2494 752 2603 Augustini
780 2506 823 2577 et
851 2495 890 2579 S.
920 2496 1263 2603 Bonaventurae,
1304 2492 1637 2603 sapientioribus

136 2628 424 2737 relinquimus
452 2629 790 2713 diiudicandum.
811 2680 865 2689 —
884 2628 993 2712 Cum
1013 2640 1157 2712 autem
1179 2629 1231 2708 de
1251 2629 1464 2709 humanae
1490 2628 1637 2731 cogni·

137 2764 267 2844 tionis
287 2765 450 2844 ratione
470 2764 570 2844 indo
590 2794 615 2845 a
634 2764 815 2846 Platone
835 2763 1124 2845 etAristotele
1143 2762 1349 2873 usquead
1367 2761 1635 2871 piaesentem

134 2908 318 2979 aetzrtem
338 2899 462 3007 quasi
481 2899 675 2981 infinitae
704 2900 1016 2982 controversiae
1036 2898 1208 2981 obortae
1233 2910 1277 2980 et
1295 2895 1631 2978 inmunerabiles

136 3062 295 3115 errores
323 3034 459 3141 sparsi
487 3034 595 3143 sint,
617 3062 704 3114 non
723 3033 879 3115 inutile
898 3062 989 3114 esse
1010 3034 1252 3141 opinamur,
1274 3033 1402 3112 etiam
1419 3031 1635 3139 peramara

137 3197 287 3248 vocem
316 3167 463 3249 audire
492 3167 714 3276 Seraphiei
741 3167 940 3250 Doctoris
968 3197 1067 3249 cum
1096 3165 1478 3274 praestantioribus
1499 3165 1637 3272 ipsius

136 3301 380 3409 discipulis,
411 3302 661 3409 praesertim
689 3331 786 3382 cum
818 3303 909 3410 ipse
938 3331 1025 3382 non
1053 3301 1138 3383 nisi
1166 3300 1524 3382 illuminatisshni
1551 3298 1635 3380 Do-

137 3437 266 3515 ctoris
304 3433 343 3518 S.
383 3437 619 3542 Augustini
659 3436 898 3517 doctrinam
937 3437 1058 3544 sequi
1095 3434 1345 3542 profiteatur
1382 3443 1425 3513 ct
1467 3461 1634 3514 surmna

134 3570 326 3651 amicitia
355 3581 398 3651 et
426 3570 603 3679 spiritus
632 3570 790 3651 unione
819 3601 919 3652 eum
938 3570 1152 3675 Angelico
1171 3568 1355 3650 Doctore
1376 3568 1633 3648 coniunctus

136 3701 277 3786 fuerit.
307 3703 434 3787 Unde
462 3705 625 3786 nemini
655 3714 768 3786 reete
796 3705 979 3813 sapienti
1011 3703 1194 3784 dubium
1223 3732 1313 3784 esso
1337 3712 1496 3809 potest,
1527 3700 1631 3810 quin

135 3837 371 3919 catholicae
399 3838 498 3918 fidei
528 3841 585 3921 sit
613 3849 898 3922 consentanea
926 3838 1121 3919 doctrina
1149 3838 1270 3919 illua
1290 3836 1520 3945 Seraphieo
1549 3847 1632 3916 tra-

136 3971 250 4081 dita,
282 4000 410 4080 quam
440 3983 608 4080 practer
634 3973 741 4067 alios
770 3973 899 4054 ctiam
931 3972 1016 4053 duo
1044 4000 1308 4053 successores
1337 3970 1376 4052 S.
1412 3970 1633 4052 Bonaven-

136 4115 254 4187 turae
297 4107 341 4187 in
384 4105 594 4212 gubernio
636 4108 769 4188 totius
813 4104 986 4189 Ordinis
1027 4104 1242 4187 Minorum
1285 4103 1466 4213 professi
1509 4113 1633 4210 sunt,

134 4238 376 4321 Matthaeus
404 4240 571 4321 scilicet
598 4239 654 4322 ah
691 4241 965 4348 Aquasparta
1002 4250 1046 4320 et
1073 4240 1319 4321 Alexander
1355 4238 1411 4319 ab
1448 4238 1634 4319 Alexan-

134 4373 237 4454 dria.
266 4423 320 4432 —
348 4373 546 4456 Ceterum
575 4374 750 4456 omnino
787 4373 977 4454 alienum
1014 4385 1080 4455 est
1114 4404 1140 4454 a
1168 4383 1311 4453 mente
1347 4381 1492 4454 nostra
1530 4381 1573 4451 et
1609 4402 1635 4453 a

133 4536 178 4587 re
221 4508 346 4589 nobis
387 4508 607 4617 proposita
648 4508 769 4615 quasi
812 4507 1059 4590 cathedram
1088 4508 1293 4589 scientiae
1322 4505 1434 4587 velle
1473 4506 1634 4611 erigere

134 4652 282 4723 ‹anrtra
319 4642 565 4723 cathedram
595 4651 638 4722 et
672 4640 865 4722 scholam
901 4641 1165 4723 contentiose
1194 4669 1410 4749 opponere
1438 4638 1633 4739 scholae:

133 4774 214 4855 hoc
245 4776 360 4856 enim
390 4805 521 4885 quam
551 4776 736 4857 maxime
766 4776 1026 4857 contrarium
1064 4785 1176 4857 essct
1213 4774 1350 4856 indoli
1384 4785 1428 4855 ct
1463 4773 1634 4882 spiritui

134 4907 353 5017 Seraphici
383 4909 591 4992 Doctoris.
613 4909 696 4993 Sed
724 4910 885 5019 potius,
918 4909 1281 5020 quemadmodum
1301 4909 1387 4990 iam
1405 4908 1511 4989 alias
1538 4936 1634 5015 pro-

135 5041 236 5123 fessi
265 5044 461 5153 surnus¹,
492 5044 692 5152 expedire
723 5043 948 5154 credimus,
979 5055 1028 5125 ut
1056 5044 1193 5125 sancti
1228 5042 1447 5125 Ecclesiae
1476 5041 1633 5123 Docto-

132 5206 222 5285 res,
262 5188 474 5287 quauturu
512 5178 632 5259 salva
659 5178 838 5259 veritate
870 5178 963 5260 fieri
991 5189 1158 5288 potest,
1193 5178 1248 5259 ad
1277 5177 1493 5286 quandam
1521 5177 1634 5256 inter

134 5338 176 5391 se
206 5312 479 5393 concordiam
508 5311 784 5421 redigantur,
819 5340 868 5392 eo
908 5312 1023 5420 quod
1061 5313 1359 5422 unusquisque
1396 5339 1541 5392 corum
1579 5307 1635 5389 ad

135 5559 456 5573 α-ι--ι-α-ι--ι

224 5738 232 5775 ¹
254 5742 440 5809 l‘relegmnem
462 5742 486 5793 tu
508 5741 523 5792 Ι.
544 5739 601 5792 libr.
621 5740 689 5792 sent
710 5740 735 5792 S.
756 5738 854 5791 borna.
875 5754 935 5805 pag.
956 5737 1081 5790 Lxxxn.
