<?xml version="1.0" encoding="UTF-8"?>
<!DOCTYPE html PUBLIC "-//W3C//DTD XHTML 1.0 Transitional//EN"
    "http://www.w3.org/TR/xhtml1/DTD/xhtml1-transitional.dtd">
<html xmlns="http://www.w3.org/1999/xhtml" xml:lang="en" lang="en">
 <head>
  <title>
</title>
<meta http-equiv="Content-Type" content="text/html;charset=utf-8" />
  <meta name='ocr-system' content='tesseract 3.04.00' />
  <meta name='ocr-capabilities' content='ocr_page ocr_carea ocr_par ocr_line ocrx_word'/>
</head>
<body>
  <div class='ocr_page' id='page_1' title='image "./dehumanaecognit00italgoog_0169.png"; bbox 0 0 3870 6488; ppageno 0'>
   <div class='ocr_carea' id='block_1_1' title="bbox 276 336 1255 412">
    <p class='ocr_par' dir='ltr' id='par_1_1' title="bbox 276 336 1255 412">
     <span class='ocr_line' id='line_1_1' title="bbox 276 336 1255 412; baseline -0.001 -9"><span class='ocrx_word' id='word_1_1' title='bbox 276 336 334 403; x_wconf 76' lang='lat' dir='ltr'><strong>lat</strong></span> <span class='ocrx_word' id='word_1_2' title='bbox 775 354 926 412; x_wconf 84' lang='lat' dir='ltr'><strong>ouaesrm</strong></span> <span class='ocrx_word' id='word_1_3' title='bbox 949 354 1121 403; x_wconf 80' lang='lat' dir='ltr'><strong>orseuram</strong></span> <span class='ocrx_word' id='word_1_4' title='bbox 1144 354 1255 402; x_wconf 78' lang='lat' dir='ltr'><strong>rearis</strong></span> 
     </span>
    </p>
   </div>
   <div class='ocr_carea' id='block_1_2' title="bbox 270 477 1784 4386">
    <p class='ocr_par' dir='ltr' id='par_1_2' title="bbox 270 477 1771 1027">
     <span class='ocr_line' id='line_1_2' title="bbox 270 477 1767 565; baseline -0.001 -20"><span class='ocrx_word' id='word_1_5' title='bbox 270 477 446 559; x_wconf 88' lang='lat' dir='ltr'><strong>abslractu,</strong></span> <span class='ocrx_word' id='word_1_6' title='bbox 478 497 561 565; x_wconf 78' lang='lat' dir='ltr'><strong>qliae</strong></span> <span class='ocrx_word' id='word_1_7' title='bbox 583 485 631 546; x_wconf 91' lang='lat' dir='ltr'><strong>est</strong></span> <span class='ocrx_word' id='word_1_8' title='bbox 661 477 749 546; x_wconf 82' lang='lat' dir='ltr'><strong>uelut</strong></span> <span class='ocrx_word' id='word_1_9' title='bbox 772 479 852 545; x_wconf 90' lang='lat' dir='ltr'><strong>ratio</strong></span> <span class='ocrx_word' id='word_1_10' title='bbox 875 477 1034 559; x_wconf 84' lang='lat' dir='ltr'><strong>iormalis3</strong></span> <span class='ocrx_word' id='word_1_11' title='bbox 1065 478 1205 565; x_wconf 92' lang='lat' dir='ltr'><strong>primum</strong></span> <span class='ocrx_word' id='word_1_12' title='bbox 1231 477 1355 558; x_wconf 91' lang='lat' dir='ltr'><strong>lumen,</strong></span> <span class='ocrx_word' id='word_1_13' title='bbox 1379 477 1465 565; x_wconf 86' lang='lat' dir='ltr'><strong>quod</strong></span> <span class='ocrx_word' id='word_1_14' title='bbox 1493 484 1541 546; x_wconf 90' lang='lat' dir='ltr'><strong>est</strong></span> <span class='ocrx_word' id='word_1_15' title='bbox 1571 477 1660 545; x_wconf 85' lang='lat' dir='ltr'><strong>velut</strong></span> <span class='ocrx_word' id='word_1_16' title='bbox 1685 477 1767 543; x_wconf 87' lang='lat' dir='ltr'><strong>ratio</strong></span> 
     </span>
     <span class='ocr_line' id='line_1_3' title="bbox 270 592 1770 681; baseline 0 -21"><span class='ocrx_word' id='word_1_17' title='bbox 270 594 431 673; x_wconf 75' lang='lat' dir='ltr'><strong>effectiva,</strong></span> <span class='ocrx_word' id='word_1_18' title='bbox 454 594 483 661; x_wconf 92' lang='lat' dir='ltr'><strong>ei</strong></span> <span class='ocrx_word' id='word_1_19' title='bbox 506 593 590 661; x_wconf 89' lang='lat' dir='ltr'><strong>enim</strong></span> <span class='ocrx_word' id='word_1_20' title='bbox 615 593 750 661; x_wconf 88' lang='lat' dir='ltr'><strong>naturali</strong></span> <span class='ocrx_word' id='word_1_21' title='bbox 775 594 887 661; x_wconf 83' lang='lat' dir='ltr'>ordine</span> <span class='ocrx_word' id='word_1_22' title='bbox 910 594 1016 660; x_wconf 90' lang='lat' dir='ltr'><strong>anima</strong></span> <span class='ocrx_word' id='word_1_23' title='bbox 1046 602 1153 662; x_wconf 87' lang='lat' dir='ltr'><strong>nestra</strong></span> <span class='ocrx_word' id='word_1_24' title='bbox 1176 593 1319 662; x_wconf 88' lang='lat' dir='ltr'><strong>subiecta</strong></span> <span class='ocrx_word' id='word_1_25' title='bbox 1341 599 1406 673; x_wconf 89' lang='lat' dir='ltr'><strong>est,</strong></span> <span class='ocrx_word' id='word_1_26' title='bbox 1431 594 1462 661; x_wconf 93' lang='lat' dir='ltr'><strong>in</strong></span> <span class='ocrx_word' id='word_1_27' title='bbox 1485 613 1549 681; x_wconf 89' lang='lat' dir='ltr'><strong>quo</strong></span> <span class='ocrx_word' id='word_1_28' title='bbox 1572 593 1658 661; x_wconf 84' lang='lat' dir='ltr'><strong>ridet</strong></span> <span class='ocrx_word' id='word_1_29' title='bbox 1678 592 1770 680; x_wconf 78' lang='lat' dir='ltr'><strong>quiid·</strong></span> 
     </span>
     <span class='ocr_line' id='line_1_4' title="bbox 270 707 1769 797; baseline -0.001 -20"><span class='ocrx_word' id='word_1_30' title='bbox 270 709 348 797; x_wconf 78' lang='lat' dir='ltr'><strong>quiid</strong></span> <span class='ocrx_word' id='word_1_31' title='bbox 380 709 644 778; x_wconf 90' lang='lat' dir='ltr'><strong>certitudinaliter</strong></span> <span class='ocrx_word' id='word_1_32' title='bbox 666 709 769 791; x_wconf 83' lang='lat' dir='ltr'><strong>uidet,</strong></span> <span class='ocrx_word' id='word_1_33' title='bbox 800 727 875 777; x_wconf 90' lang='lat' dir='ltr'><strong>cum</strong></span> <span class='ocrx_word' id='word_1_34' title='bbox 897 710 938 776; x_wconf 92' lang='lat' dir='ltr'><strong>ad</strong></span> <span class='ocrx_word' id='word_1_35' title='bbox 962 708 1042 777; x_wconf 89' lang='lat' dir='ltr'><strong>illud</strong></span> <span class='ocrx_word' id='word_1_36' title='bbox 1073 726 1108 777; x_wconf 90' lang='lat' dir='ltr'><strong>se</strong></span> <span class='ocrx_word' id='word_1_37' title='bbox 1131 716 1251 790; x_wconf 82' lang='lat' dir='ltr'><strong>movet,</strong></span> <span class='ocrx_word' id='word_1_38' title='bbox 1274 713 1311 776; x_wconf 92' lang='lat' dir='ltr'><strong>ut</strong></span> <span class='ocrx_word' id='word_1_39' title='bbox 1341 708 1417 778; x_wconf 86' lang='lat' dir='ltr'><strong>dicit</strong></span> <span class='ocrx_word' id='word_1_40' title='bbox 1440 708 1633 796; x_wconf 70' lang='lat' dir='ltr'><strong>Augustinus</strong></span> <span class='ocrx_word' id='word_1_41' title='bbox 1662 707 1769 796; x_wconf 90' lang='lat' dir='ltr'><strong>primo</strong></span> 
     </span>
     <span class='ocr_line' id='line_1_5' title="bbox 272 822 1771 913; baseline -0.001 -20"><span class='ocrx_word' id='word_1_42' title='bbox 272 825 549 908; x_wconf 82' lang='lat' dir='ltr'><strong>detractationem,</strong></span> <span class='ocrx_word' id='word_1_43' title='bbox 572 824 710 913; x_wconf 89' lang='lat' dir='ltr'><strong>capitulo</strong></span> <span class='ocrx_word' id='word_1_44' title='bbox 740 831 850 894; x_wconf 82' lang='lat' dir='ltr'><strong>octavo</strong></span> <span class='ocrx_word' id='word_1_45' title='bbox 871 823 894 906; x_wconf 90' lang='lat'><strong>¹,</strong></span> <span class='ocrx_word' id='word_1_46' title='bbox 928 832 960 893; x_wconf 91' lang='lat' dir='ltr'><strong>et</strong></span> <span class='ocrx_word' id='word_1_47' title='bbox 990 822 1179 893; x_wconf 91' lang='lat' dir='ltr'><strong>duodecimo</strong></span> <span class='ocrx_word' id='word_1_48' title='bbox 1213 824 1253 894; x_wconf 91' lang='lat' dir='ltr'><strong>de</strong></span> <span class='ocrx_word' id='word_1_49' title='bbox 1291 823 1452 907; x_wconf 70' lang='lat' dir='ltr'><strong>lenitate,</strong></span> <span class='ocrx_word' id='word_1_50' title='bbox 1482 824 1622 912; x_wconf 88' lang='lat' dir='ltr'><strong>capitulo</strong></span> <span class='ocrx_word' id='word_1_51' title='bbox 1644 823 1771 893; x_wconf 87' lang='lat' dir='ltr'><strong>decimo</strong></span> 
     </span>
     <span class='ocr_line' id='line_1_6' title="bbox 271 940 391 1027; baseline 0 -20"><span class='ocrx_word' id='word_1_52' title='bbox 271 940 391 1027; x_wconf 86' lang='lat' dir='ltr'><strong>quinto.</strong></span> 
     </span>
    </p>

    <p class='ocr_par' dir='ltr' id='par_1_3' title="bbox 272 1055 1780 2532">
     <span class='ocr_line' id='line_1_7' title="bbox 360 1055 1773 1144; baseline 0.001 -22"><span class='ocrx_word' id='word_1_53' title='bbox 360 1055 406 1124; x_wconf 81' lang='lat' dir='ltr'><strong>ad</strong></span> <span class='ocrx_word' id='word_1_54' title='bbox 430 1059 459 1124; x_wconf 61' lang='grc' dir='ltr'><strong>ι.</strong></span> <span class='ocrx_word' id='word_1_55' title='bbox 485 1062 571 1144; x_wconf 89' lang='lat' dir='ltr'><strong>patet</strong></span> <span class='ocrx_word' id='word_1_56' title='bbox 594 1056 757 1144; x_wconf 84' lang='lat' dir='ltr'><strong>responsio</strong></span> <span class='ocrx_word' id='word_1_57' title='bbox 780 1073 838 1144; x_wconf 87' lang='lat' dir='ltr'><strong>per</strong></span> <span class='ocrx_word' id='word_1_58' title='bbox 860 1056 922 1123; x_wconf 90' lang='lat' dir='ltr'><strong>iam</strong></span> <span class='ocrx_word' id='word_1_59' title='bbox 947 1055 1046 1124; x_wconf 86' lang='lat' dir='ltr'><strong>dieta:</strong></span> <span class='ocrx_word' id='word_1_60' title='bbox 1071 1056 1222 1143; x_wconf 89' lang='lat' dir='ltr'><strong>quoniam</strong></span> <span class='ocrx_word' id='word_1_61' title='bbox 1244 1056 1352 1144; x_wconf 86' lang='lat' dir='ltr'><strong>alique</strong></span> <span class='ocrx_word' id='word_1_62' title='bbox 1374 1075 1452 1125; x_wconf 77' lang='lat' dir='ltr'><strong>vera</strong></span> <span class='ocrx_word' id='word_1_63' title='bbox 1472 1063 1548 1125; x_wconf 91' lang='lat' dir='ltr'><strong>sunt</strong></span> <span class='ocrx_word' id='word_1_64' title='bbox 1570 1056 1652 1126; x_wconf 89' lang='lat' dir='ltr'><strong>adeo</strong></span> <span class='ocrx_word' id='word_1_65' title='bbox 1665 1062 1773 1138; x_wconf 81' lang='lat' dir='ltr'><strong>certa,</strong></span> 
     </span>
     <span class='ocr_line' id='line_1_8' title="bbox 272 1171 1775 1261; baseline 0 -21"><span class='ocrx_word' id='word_1_66' title='bbox 272 1180 309 1240; x_wconf 94' lang='lat' dir='ltr'><strong>ut</strong></span> <span class='ocrx_word' id='word_1_67' title='bbox 333 1172 363 1239; x_wconf 95' lang='lat' dir='ltr'><strong>in</strong></span> <span class='ocrx_word' id='word_1_68' title='bbox 387 1171 438 1240; x_wconf 88' lang='lat' dir='ltr'><strong>bis</strong></span> <span class='ocrx_word' id='word_1_69' title='bbox 468 1171 557 1239; x_wconf 75' lang='lat' dir='ltr'><strong>nialla</strong></span> <span class='ocrx_word' id='word_1_70' title='bbox 580 1172 857 1241; x_wconf 80' lang='lat' dir='ltr'><strong>verisimilitudine</strong></span> <span class='ocrx_word' id='word_1_71' title='bbox 888 1173 1048 1259; x_wconf 91' lang='lat' dir='ltr'><strong>contingat</strong></span> <span class='ocrx_word' id='word_1_72' title='bbox 1070 1172 1198 1260; x_wconf 88' lang='lat' dir='ltr'><strong>decipi,</strong></span> <span class='ocrx_word' id='word_1_73' title='bbox 1212 1178 1244 1241; x_wconf 93' lang='lat' dir='ltr'><strong>et</strong></span> <span class='ocrx_word' id='word_1_74' title='bbox 1276 1172 1317 1242; x_wconf 91' lang='lat' dir='ltr'><strong>de</strong></span> <span class='ocrx_word' id='word_1_75' title='bbox 1338 1191 1403 1261; x_wconf 87' lang='lat' dir='ltr'><strong>quo</strong></span> <span class='ocrx_word' id='word_1_76' title='bbox 1433 1173 1522 1241; x_wconf 87' lang='lat' dir='ltr'><strong>nulla</strong></span> <span class='ocrx_word' id='word_1_77' title='bbox 1544 1190 1687 1261; x_wconf 90' lang='lat' dir='ltr'><strong>unquam</strong></span> <span class='ocrx_word' id='word_1_78' title='bbox 1711 1172 1775 1240; x_wconf 88' lang='lat' dir='ltr'><strong>iuit</strong></span> 
     </span>
     <span class='ocr_line' id='line_1_9' title="bbox 272 1287 1774 1376; baseline 0.001 -23"><span class='ocrx_word' id='word_1_79' title='bbox 272 1287 457 1374; x_wconf 82' lang='lat' dir='ltr'><strong>opinionum</strong></span> <span class='ocrx_word' id='word_1_80' title='bbox 481 1287 717 1355; x_wconf 76' lang='lat' dir='ltr'><strong>diversitas-</strong></span> <span class='ocrx_word' id='word_1_81' title='bbox 733 1287 789 1356; x_wconf 91' lang='lat' dir='ltr'><strong>Vel</strong></span> <span class='ocrx_word' id='word_1_82' title='bbox 813 1294 914 1374; x_wconf 89' lang='lat' dir='ltr'><strong>polest</strong></span> <span class='ocrx_word' id='word_1_83' title='bbox 944 1287 1024 1368; x_wconf 88' lang='lat' dir='ltr'><strong>diei,</strong></span> <span class='ocrx_word' id='word_1_84' title='bbox 1055 1287 1141 1375; x_wconf 84' lang='lat' dir='ltr'><strong>quod</strong></span> <span class='ocrx_word' id='word_1_85' title='bbox 1171 1289 1230 1356; x_wconf 91' lang='lat' dir='ltr'><strong>etsi</strong></span> <span class='ocrx_word' id='word_1_86' title='bbox 1253 1288 1361 1357; x_wconf 87' lang='lat' dir='ltr'><strong>sensui</strong></span> <span class='ocrx_word' id='word_1_87' title='bbox 1392 1287 1485 1357; x_wconf 80' lang='lat' dir='ltr'><strong>alitm</strong></span> <span class='ocrx_word' id='word_1_88' title='bbox 1516 1306 1569 1357; x_wconf 90' lang='lat' dir='ltr'><strong>res</strong></span> <span class='ocrx_word' id='word_1_89' title='bbox 1598 1294 1774 1376; x_wconf 90' lang='lat' dir='ltr'><strong>appareat,</strong></span> 
     </span>
     <span class='ocr_line' id='line_1_10' title="bbox 272 1403 1777 1492; baseline 0.001 -22"><span class='ocrx_word' id='word_1_90' title='bbox 272 1403 452 1490; x_wconf 85' lang='lat' dir='ltr'><strong>quamsit,</strong></span> <span class='ocrx_word' id='word_1_91' title='bbox 483 1410 514 1471; x_wconf 90' lang='lat' dir='ltr'><strong>et</strong></span> <span class='ocrx_word' id='word_1_92' title='bbox 538 1403 718 1490; x_wconf 89' lang='lat' dir='ltr'><strong>imaginatio</strong></span> <span class='ocrx_word' id='word_1_93' title='bbox 749 1403 921 1484; x_wconf 82' lang='lat' dir='ltr'><strong>illudatur,</strong></span> <span class='ocrx_word' id='word_1_94' title='bbox 944 1421 1007 1470; x_wconf 91' lang='lat' dir='ltr'><strong>non</strong></span> <span class='ocrx_word' id='word_1_95' title='bbox 1038 1411 1183 1491; x_wconf 82' lang='lat' dir='ltr'><strong>propter·</strong></span> <span class='ocrx_word' id='word_1_96' title='bbox 1199 1404 1259 1472; x_wconf 86' lang='lat' dir='ltr'><strong>bo&#39;c</strong></span> <span class='ocrx_word' id='word_1_97' title='bbox 1290 1404 1453 1492; x_wconf 86' lang='lat' dir='ltr'><strong>sequitur,</strong></span> <span class='ocrx_word' id='word_1_98' title='bbox 1484 1422 1599 1473; x_wconf 83' lang='lat' dir='ltr'><strong>uerum</strong></span> <span class='ocrx_word' id='word_1_99' title='bbox 1628 1422 1777 1491; x_wconf 73' lang='lat' dir='ltr'><strong>compre</strong></span> 
     </span>
     <span class='ocr_line' id='line_1_11' title="bbox 274 1517 1777 1606; baseline 0 -20"><span class='ocrx_word' id='word_1_100' title='bbox 274 1518 394 1586; x_wconf 88' lang='lat' dir='ltr'><strong>bendi¹</strong></span> <span class='ocrx_word' id='word_1_101' title='bbox 420 1537 482 1585; x_wconf 92' lang='lat' dir='ltr'><strong>non</strong></span> <span class='ocrx_word' id='word_1_102' title='bbox 506 1537 608 1606; x_wconf 90' lang='lat' dir='ltr'><strong>posse.</strong></span> <span class='ocrx_word' id='word_1_103' title='bbox 633 1518 787 1587; x_wconf 88' lang='lat' dir='ltr'><strong>iudicium</strong></span> <span class='ocrx_word' id='word_1_104' title='bbox 811 1518 896 1586; x_wconf 91' lang='lat' dir='ltr'><strong>enim</strong></span> <span class='ocrx_word' id='word_1_105' title='bbox 920 1517 1063 1586; x_wconf 80' lang='lat' dir='ltr'><strong>veritatis</strong></span> <span class='ocrx_word' id='word_1_106' title='bbox 1077 1536 1140 1586; x_wconf 91' lang='lat' dir='ltr'><strong>nun</strong></span> <span class='ocrx_word' id='word_1_107' title='bbox 1164 1525 1212 1588; x_wconf 87' lang='lat' dir='ltr'><strong>est</strong></span> <span class='ocrx_word' id='word_1_108' title='bbox 1234 1537 1253 1585; x_wconf 91' lang='lat' dir='ltr'><strong>a</strong></span> <span class='ocrx_word' id='word_1_109' title='bbox 1276 1536 1373 1587; x_wconf 90' lang='lat' dir='ltr'><strong>sensu</strong></span> <span class='ocrx_word' id='word_1_110' title='bbox 1394 1526 1451 1587; x_wconf 89' lang='lat' dir='ltr'><strong>aut</strong></span> <span class='ocrx_word' id='word_1_111' title='bbox 1466 1519 1508 1587; x_wconf 87' lang='lat' dir='ltr'><strong>ab</strong></span> <span class='ocrx_word' id='word_1_112' title='bbox 1530 1518 1777 1606; x_wconf 85' lang='lat' dir='ltr'><strong>imaginatione,</strong></span> 
     </span>
     <span class='ocr_line' id='line_1_12' title="bbox 274 1632 1773 1723; baseline 0.001 -23"><span class='ocrx_word' id='word_1_113' title='bbox 274 1634 329 1701; x_wconf 91' lang='lat' dir='ltr'><strong>sed</strong></span> <span class='ocrx_word' id='word_1_114' title='bbox 353 1632 394 1700; x_wconf 91' lang='lat' dir='ltr'><strong>ab</strong></span> <span class='ocrx_word' id='word_1_115' title='bbox 411 1633 590 1716; x_wconf 90' lang='lat' dir='ltr'><strong>intellectu,</strong></span> <span class='ocrx_word' id='word_1_116' title='bbox 605 1633 658 1722; x_wconf 87' lang='lat' dir='ltr'><strong>qui</strong></span> <span class='ocrx_word' id='word_1_117' title='bbox 677 1634 845 1716; x_wconf 79' lang='lat' dir='ltr'><strong>discernit,</strong></span> <span class='ocrx_word' id='word_1_118' title='bbox 868 1641 979 1702; x_wconf 88' lang='lat' dir='ltr'><strong>utrum</strong></span> <span class='ocrx_word' id='word_1_119' title='bbox 994 1652 1071 1703; x_wconf 84' lang='lat' dir='ltr'><strong>vera</strong></span> <span class='ocrx_word' id='word_1_120' title='bbox 1087 1634 1127 1703; x_wconf 92' lang='lat' dir='ltr'><strong>sit</strong></span> <span class='ocrx_word' id='word_1_121' title='bbox 1143 1652 1211 1717; x_wconf 89' lang='lat' dir='ltr'><strong>res,</strong></span> <span class='ocrx_word' id='word_1_122' title='bbox 1227 1653 1324 1723; x_wconf 90' lang='lat' dir='ltr'><strong>quam</strong></span> <span class='ocrx_word' id='word_1_123' title='bbox 1348 1635 1561 1722; x_wconf 76' lang='lat' dir='ltr'><strong>imaginamur</strong></span> <span class='ocrx_word' id='word_1_124' title='bbox 1576 1636 1608 1704; x_wconf 84' lang='lat' dir='ltr'><strong>in</strong></span> <span class='ocrx_word' id='word_1_125' title='bbox 1626 1636 1773 1704; x_wconf 91' lang='lat' dir='ltr'><strong>somniis.</strong></span> 
     </span>
     <span class='ocr_line' id='line_1_13' title="bbox 274 1748 1778 1839; baseline 0.003 -24"><span class='ocrx_word' id='word_1_126' title='bbox 274 1749 304 1815; x_wconf 86' lang='lat' dir='ltr'><strong>Si</strong></span> <span class='ocrx_word' id='word_1_127' title='bbox 329 1748 413 1816; x_wconf 90' lang='lat' dir='ltr'><strong>enim</strong></span> <span class='ocrx_word' id='word_1_128' title='bbox 437 1768 514 1817; x_wconf 82' lang='lat' dir='ltr'><strong>uera</strong></span> <span class='ocrx_word' id='word_1_129' title='bbox 537 1750 594 1831; x_wconf 89' lang='lat' dir='ltr'><strong>sit,</strong></span> <span class='ocrx_word' id='word_1_130' title='bbox 625 1750 797 1837; x_wconf 83' lang='lat' dir='ltr'><strong>approbat3</strong></span> <span class='ocrx_word' id='word_1_131' title='bbox 821 1749 847 1818; x_wconf 90' lang='lat' dir='ltr'><strong>si</strong></span> <span class='ocrx_word' id='word_1_132' title='bbox 879 1749 975 1831; x_wconf 87' lang='lat' dir='ltr'><strong>laisa,</strong></span> <span class='ocrx_word' id='word_1_133' title='bbox 1007 1749 1157 1837; x_wconf 86' lang='lat' dir='ltr'><strong>reprobat</strong></span> <span class='ocrx_word' id='word_1_134' title='bbox 1187 1757 1219 1818; x_wconf 90' lang='lat' dir='ltr'><strong>et</strong></span> <span class='ocrx_word' id='word_1_135' title='bbox 1245 1750 1377 1839; x_wconf 87' lang='lat' dir='ltr'><strong>respuit</strong></span> <span class='ocrx_word' id='word_1_136' title='bbox 1409 1751 1500 1837; x_wconf 87' lang='lat' dir='ltr'><strong>Quod</strong></span> <span class='ocrx_word' id='word_1_137' title='bbox 1531 1758 1639 1821; x_wconf 87' lang='lat' dir='ltr'><strong>autem</strong></span> <span class='ocrx_word' id='word_1_138' title='bbox 1662 1753 1778 1820; x_wconf 91' lang='lat' dir='ltr'><strong>sensui</strong></span> 
     </span>
     <span class='ocr_line' id='line_1_14' title="bbox 273 1863 1780 1953; baseline 0.002 -22"><span class='ocrx_word' id='word_1_139' title='bbox 273 1863 366 1932; x_wconf 90' lang='lat' dir='ltr'><strong>aliter</strong></span> <span class='ocrx_word' id='word_1_140' title='bbox 389 1872 521 1951; x_wconf 89' lang='lat' dir='ltr'><strong>apparot</strong></span> <span class='ocrx_word' id='word_1_141' title='bbox 545 1882 614 1945; x_wconf 90' lang='lat' dir='ltr'><strong>res,</strong></span> <span class='ocrx_word' id='word_1_142' title='bbox 637 1883 733 1952; x_wconf 88' lang='lat' dir='ltr'><strong>quam</strong></span> <span class='ocrx_word' id='word_1_143' title='bbox 757 1865 814 1943; x_wconf 92' lang='lat' dir='ltr'><strong>sit,</strong></span> <span class='ocrx_word' id='word_1_144' title='bbox 837 1884 899 1932; x_wconf 93' lang='lat' dir='ltr'><strong>non</strong></span> <span class='ocrx_word' id='word_1_145' title='bbox 923 1871 972 1933; x_wconf 88' lang='lat' dir='ltr'><strong>est</strong></span> <span class='ocrx_word' id='word_1_146' title='bbox 994 1864 1035 1933; x_wconf 87' lang='lat' dir='ltr'><strong>de</strong></span> <span class='ocrx_word' id='word_1_147' title='bbox 1058 1865 1118 1934; x_wconf 84' lang='lat' dir='ltr'><strong>boo</strong></span> <span class='ocrx_word' id='word_1_148' title='bbox 1141 1882 1254 1934; x_wconf 90' lang='lat' dir='ltr'><strong>seusus</strong></span> <span class='ocrx_word' id='word_1_149' title='bbox 1276 1866 1493 1948; x_wconf 81' lang='lat' dir='ltr'><strong>accusandus,</strong></span> <span class='ocrx_word' id='word_1_150' title='bbox 1516 1873 1553 1935; x_wconf 92' lang='lat' dir='ltr'><strong>ut</strong></span> <span class='ocrx_word' id='word_1_151' title='bbox 1572 1867 1649 1936; x_wconf 88' lang='lat' dir='ltr'><strong>dicit</strong></span> <span class='ocrx_word' id='word_1_152' title='bbox 1671 1868 1780 1953; x_wconf 85' lang='lat' dir='ltr'><strong>liugu-</strong></span> 
     </span>
     <span class='ocr_line' id='line_1_15' title="bbox 275 1980 1777 2071; baseline 0.004 -24"><span class='ocrx_word' id='word_1_153' title='bbox 275 1980 378 2048; x_wconf 90' lang='lat' dir='ltr'><strong>stinus</strong></span> <span class='ocrx_word' id='word_1_154' title='bbox 400 1981 493 2049; x_wconf 91' lang='lat' dir='ltr'><strong>tertio</strong></span> <span class='ocrx_word' id='word_1_155' title='bbox 517 1988 626 2050; x_wconf 87' lang='lat' dir='ltr'><strong>contra</strong></span> <span class='ocrx_word' id='word_1_156' title='bbox 657 1981 859 2050; x_wconf 82' lang='lat' dir='ltr'><strong>loadeonoos</strong></span> <span class='ocrx_word' id='word_1_157' title='bbox 872 1981 894 2047; x_wconf 85' lang='lat'><strong>¹.</strong></span> <span class='ocrx_word' id='word_1_158' title='bbox 920 1981 1007 2048; x_wconf 87' lang='lat' dir='ltr'><strong>ilatio</strong></span> <span class='ocrx_word' id='word_1_159' title='bbox 1033 1981 1117 2049; x_wconf 92' lang='lat' dir='ltr'><strong>enim</strong></span> <span class='ocrx_word' id='word_1_160' title='bbox 1149 1988 1181 2050; x_wconf 90' lang='lat' dir='ltr'><strong>et</strong></span> <span class='ocrx_word' id='word_1_161' title='bbox 1203 1999 1300 2050; x_wconf 88' lang='lat' dir='ltr'><strong>causa</strong></span> <span class='ocrx_word' id='word_1_162' title='bbox 1321 1988 1387 2066; x_wconf 87' lang='lat' dir='ltr'><strong>est,</strong></span> <span class='ocrx_word' id='word_1_163' title='bbox 1409 2000 1510 2070; x_wconf 85' lang='lat' dir='ltr'><strong>quare</strong></span> <span class='ocrx_word' id='word_1_164' title='bbox 1538 1983 1585 2052; x_wconf 91' lang='lat' dir='ltr'><strong>sic</strong></span> <span class='ocrx_word' id='word_1_165' title='bbox 1610 1991 1777 2071; x_wconf 83' lang='lat' dir='ltr'><strong>apparet,</strong></span> 
     </span>
     <span class='ocr_line' id='line_1_16' title="bbox 276 2096 1778 2186; baseline 0.002 -23"><span class='ocrx_word' id='word_1_166' title='bbox 276 2105 311 2164; x_wconf 90' lang='lat' dir='ltr'><strong>ut</strong></span> <span class='ocrx_word' id='word_1_167' title='bbox 334 2097 420 2184; x_wconf 88' lang='lat' dir='ltr'><strong>quod</strong></span> <span class='ocrx_word' id='word_1_168' title='bbox 437 2096 564 2165; x_wconf 83' lang='lat' dir='ltr'><strong>videtur</strong></span> <span class='ocrx_word' id='word_1_169' title='bbox 580 2114 688 2165; x_wconf 92' lang='lat' dir='ltr'><strong>remus</strong></span> <span class='ocrx_word' id='word_1_170' title='bbox 711 2097 831 2166; x_wconf 84' lang='lat' dir='ltr'><strong>tractus</strong></span> <span class='ocrx_word' id='word_1_171' title='bbox 847 2097 879 2165; x_wconf 91' lang='lat' dir='ltr'><strong>in</strong></span> <span class='ocrx_word' id='word_1_172' title='bbox 902 2116 986 2186; x_wconf 77' lang='lat' dir='ltr'><strong>aquia</strong></span> <span class='ocrx_word' id='word_1_173' title='bbox 1009 2103 1041 2165; x_wconf 92' lang='lat' dir='ltr'><strong>et</strong></span> <span class='ocrx_word' id='word_1_174' title='bbox 1056 2102 1164 2166; x_wconf 90' lang='lat' dir='ltr'><strong>turres</strong></span> <span class='ocrx_word' id='word_1_175' title='bbox 1188 2097 1323 2180; x_wconf 86' lang='lat' dir='ltr'><strong>moveri;</strong></span> <span class='ocrx_word' id='word_1_176' title='bbox 1347 2098 1445 2166; x_wconf 93' lang='lat' dir='ltr'><strong>immo</strong></span> <span class='ocrx_word' id='word_1_177' title='bbox 1459 2099 1659 2168; x_wconf 59' lang='lat' dir='ltr'><strong>wirundus</strong></span> <span class='ocrx_word' id='word_1_178' title='bbox 1673 2106 1778 2181; x_wconf 88' lang='lat' dir='ltr'><strong>esset,</strong></span> 
     </span>
     <span class='ocr_line' id='line_1_17' title="bbox 277 2211 1780 2303; baseline 0.003 -24"><span class='ocrx_word' id='word_1_179' title='bbox 277 2213 303 2279; x_wconf 91' lang='lat' dir='ltr'><strong>si</strong></span> <span class='ocrx_word' id='word_1_180' title='bbox 327 2212 418 2280; x_wconf 89' lang='lat' dir='ltr'><strong>aliter</strong></span> <span class='ocrx_word' id='word_1_181' title='bbox 443 2218 706 2300; x_wconf 81' lang='lat' dir='ltr'><strong>repraesentaret.</strong></span> <span class='ocrx_word' id='word_1_182' title='bbox 729 2213 779 2281; x_wconf 87' lang='lat' dir='ltr'><strong>Sic</strong></span> <span class='ocrx_word' id='word_1_183' title='bbox 801 2212 887 2281; x_wconf 92' lang='lat' dir='ltr'><strong>enim</strong></span> <span class='ocrx_word' id='word_1_184' title='bbox 903 2211 997 2280; x_wconf 90' lang='lat' dir='ltr'><strong>debet</strong></span> <span class='ocrx_word' id='word_1_185' title='bbox 1019 2228 1088 2281; x_wconf 90' lang='lat' dir='ltr'><strong>rem</strong></span> <span class='ocrx_word' id='word_1_186' title='bbox 1112 2220 1367 2300; x_wconf 86' lang='lat' dir='ltr'><strong>repraesentare,</strong></span> <span class='ocrx_word' id='word_1_187' title='bbox 1382 2220 1419 2282; x_wconf 94' lang='lat' dir='ltr'><strong>ut</strong></span> <span class='ocrx_word' id='word_1_188' title='bbox 1440 2221 1583 2303; x_wconf 88' lang='lat' dir='ltr'><strong>apparet.</strong></span> <span class='ocrx_word' id='word_1_189' title='bbox 1599 2214 1661 2283; x_wconf 86' lang='lat' dir='ltr'><strong>sod</strong></span> <span class='ocrx_word' id='word_1_190' title='bbox 1683 2232 1780 2284; x_wconf 87' lang='lat' dir='ltr'><strong>accu-</strong></span> 
     </span>
     <span class='ocr_line' id='line_1_18' title="bbox 275 2327 1780 2418; baseline 0.003 -23"><span class='ocrx_word' id='word_1_191' title='bbox 275 2327 395 2395; x_wconf 89' lang='lat' dir='ltr'><strong>sandus</strong></span> <span class='ocrx_word' id='word_1_192' title='bbox 417 2332 465 2395; x_wconf 89' lang='lat' dir='ltr'><strong>est</strong></span> <span class='ocrx_word' id='word_1_193' title='bbox 488 2327 680 2410; x_wconf 90' lang='lat' dir='ltr'><strong>intellectus,</strong></span> <span class='ocrx_word' id='word_1_194' title='bbox 704 2328 730 2396; x_wconf 92' lang='lat' dir='ltr'><strong>si</strong></span> <span class='ocrx_word' id='word_1_195' title='bbox 748 2328 866 2396; x_wconf 86' lang='lat' dir='ltr'><strong>iudicat</strong></span> <span class='ocrx_word' id='word_1_196' title='bbox 887 2328 1065 2397; x_wconf 90' lang='lat' dir='ltr'><strong>secundum</strong></span> <span class='ocrx_word' id='word_1_197' title='bbox 1081 2328 1298 2416; x_wconf 88' lang='lat' dir='ltr'><strong>apparentiam</strong></span> <span class='ocrx_word' id='word_1_198' title='bbox 1323 2346 1450 2412; x_wconf 91' lang='lat' dir='ltr'><strong>sensus,</strong></span> <span class='ocrx_word' id='word_1_199' title='bbox 1473 2330 1529 2418; x_wconf 86' lang='lat' dir='ltr'><strong>qui</strong></span> <span class='ocrx_word' id='word_1_200' title='bbox 1544 2329 1641 2399; x_wconf 87' lang='lat' dir='ltr'><strong>debet</strong></span> <span class='ocrx_word' id='word_1_201' title='bbox 1663 2330 1780 2401; x_wconf 85' lang='lat' dir='ltr'><strong>ridere</strong></span> 
     </span>
     <span class='ocr_line' id='line_1_19' title="bbox 275 2443 781 2532; baseline -0.004 -21"><span class='ocrx_word' id='word_1_202' title='bbox 275 2460 423 2524; x_wconf 83' lang='lat' dir='ltr'><strong>causam,</strong></span> <span class='ocrx_word' id='word_1_203' title='bbox 447 2460 547 2530; x_wconf 87' lang='lat' dir='ltr'><strong>quare</strong></span> <span class='ocrx_word' id='word_1_204' title='bbox 571 2443 616 2512; x_wconf 88' lang='lat' dir='ltr'><strong>sio</strong></span> <span class='ocrx_word' id='word_1_205' title='bbox 639 2451 781 2532; x_wconf 88' lang='lat' dir='ltr'><strong>apparet.</strong></span> 
     </span>
    </p>

    <p class='ocr_par' dir='ltr' id='par_1_4' title="bbox 277 2558 1784 4038">
     <span class='ocr_line' id='line_1_20' title="bbox 366 2558 1779 2648; baseline 0.004 -22"><span class='ocrx_word' id='word_1_206' title='bbox 366 2559 409 2626; x_wconf 82' lang='lat' dir='ltr'><strong>ild</strong></span> <span class='ocrx_word' id='word_1_207' title='bbox 435 2558 464 2627; x_wconf 85' lang='lat'><strong>3.</strong></span> <span class='ocrx_word' id='word_1_208' title='bbox 488 2558 674 2641; x_wconf 86' lang='lat' dir='ltr'><strong>dicendum,</strong></span> <span class='ocrx_word' id='word_1_209' title='bbox 698 2560 783 2647; x_wconf 91' lang='lat' dir='ltr'><strong>quod</strong></span> <span class='ocrx_word' id='word_1_210' title='bbox 801 2558 880 2628; x_wconf 93' lang='lat' dir='ltr'><strong>illud</strong></span> <span class='ocrx_word' id='word_1_211' title='bbox 906 2559 1085 2648; x_wconf 82' lang='lat' dir='ltr'><strong>Philosophi</strong></span> <span class='ocrx_word' id='word_1_212' title='bbox 1109 2561 1139 2628; x_wconf 95' lang='lat' dir='ltr'><strong>in</strong></span> <span class='ocrx_word' id='word_1_213' title='bbox 1157 2560 1239 2628; x_wconf 91' lang='lat' dir='ltr'><strong>libro</strong></span> <span class='ocrx_word' id='word_1_214' title='bbox 1264 2560 1491 2643; x_wconf 84' lang='lat' dir='ltr'><strong>Posteriorum,</strong></span> <span class='ocrx_word' id='word_1_215' title='bbox 1506 2568 1539 2631; x_wconf 88' lang='lat' dir='ltr'><strong>et</strong></span> <span class='ocrx_word' id='word_1_216' title='bbox 1556 2561 1671 2630; x_wconf 85' lang='lat' dir='ltr'><strong>Etbicis</strong></span> <span class='ocrx_word' id='word_1_217' title='bbox 1687 2562 1779 2631; x_wconf 88' lang='lat' dir='ltr'><strong>intel·</strong></span> 
     </span>
     <span class='ocr_line' id='line_1_21' title="bbox 277 2674 1778 2764; baseline 0.003 -23"><span class='ocrx_word' id='word_1_218' title='bbox 277 2674 440 2762; x_wconf 90' lang='lat' dir='ltr'><strong>ligendum</strong></span> <span class='ocrx_word' id='word_1_219' title='bbox 463 2681 512 2744; x_wconf 91' lang='lat' dir='ltr'><strong>est</strong></span> <span class='ocrx_word' id='word_1_220' title='bbox 527 2676 567 2744; x_wconf 91' lang='lat' dir='ltr'><strong>de</strong></span> <span class='ocrx_word' id='word_1_221' title='bbox 591 2675 844 2763; x_wconf 76' lang='lat' dir='ltr'><strong>praecognitione</strong></span> <span class='ocrx_word' id='word_1_222' title='bbox 860 2675 1080 2744; x_wconf 87' lang='lat' dir='ltr'><strong>terminorum.</strong></span> <span class='ocrx_word' id='word_1_223' title='bbox 1097 2676 1210 2745; x_wconf 89' lang='lat' dir='ltr'><strong>Nullus</strong></span> <span class='ocrx_word' id='word_1_224' title='bbox 1232 2676 1316 2745; x_wconf 88' lang='lat' dir='ltr'><strong>euim</strong></span> <span class='ocrx_word' id='word_1_225' title='bbox 1332 2682 1436 2764; x_wconf 89' lang='lat' dir='ltr'><strong>potest</strong></span> <span class='ocrx_word' id='word_1_226' title='bbox 1458 2676 1565 2746; x_wconf 85' lang='lat' dir='ltr'><strong>doceri</strong></span> <span class='ocrx_word' id='word_1_227' title='bbox 1580 2683 1637 2745; x_wconf 93' lang='lat' dir='ltr'><strong>aut</strong></span> <span class='ocrx_word' id='word_1_228' title='bbox 1658 2676 1778 2746; x_wconf 88' lang='lat' dir='ltr'><strong>instrui</strong></span> 
     </span>
     <span class='ocr_line' id='line_1_22' title="bbox 277 2791 1778 2881; baseline 0.003 -23"><span class='ocrx_word' id='word_1_229' title='bbox 277 2791 308 2858; x_wconf 93' lang='lat' dir='ltr'><strong>in</strong></span> <span class='ocrx_word' id='word_1_230' title='bbox 333 2791 441 2880; x_wconf 86' lang='lat' dir='ltr'><strong>aliqua</strong></span> <span class='ocrx_word' id='word_1_231' title='bbox 463 2791 647 2879; x_wconf 88' lang='lat' dir='ltr'><strong>disciplina,</strong></span> <span class='ocrx_word' id='word_1_232' title='bbox 670 2791 729 2860; x_wconf 90' lang='lat' dir='ltr'><strong>nisi</strong></span> <span class='ocrx_word' id='word_1_233' title='bbox 755 2791 846 2873; x_wconf 88' lang='lat' dir='ltr'><strong>sciat,</strong></span> <span class='ocrx_word' id='word_1_234' title='bbox 877 2791 955 2880; x_wconf 88' lang='lat' dir='ltr'><strong>quid</strong></span> <span class='ocrx_word' id='word_1_235' title='bbox 978 2791 1133 2881; x_wconf 86' lang='lat' dir='ltr'><strong>estquod</strong></span> <span class='ocrx_word' id='word_1_236' title='bbox 1165 2811 1223 2880; x_wconf 90' lang='lat' dir='ltr'><strong>per</strong></span> <span class='ocrx_word' id='word_1_237' title='bbox 1246 2810 1360 2861; x_wconf 89' lang='lat' dir='ltr'><strong>nomen</strong></span> <span class='ocrx_word' id='word_1_238' title='bbox 1392 2792 1518 2862; x_wconf 85' lang='lat' dir='ltr'><strong>dicitur.</strong></span> <span class='ocrx_word' id='word_1_239' title='bbox 1547 2792 1608 2861; x_wconf 86' lang='lat' dir='ltr'><strong>lsta</strong></span> <span class='ocrx_word' id='word_1_240' title='bbox 1637 2793 1778 2880; x_wconf 77' lang='lat' dir='ltr'><strong>cognitio</strong></span> 
     </span>
     <span class='ocr_line' id='line_1_23' title="bbox 277 2906 1777 2996; baseline 0.002 -22"><span class='ocrx_word' id='word_1_241' title='bbox 277 2906 455 2976; x_wconf 86' lang='lat' dir='ltr'><strong>necessario</strong></span> <span class='ocrx_word' id='word_1_242' title='bbox 485 2907 643 2976; x_wconf 87' lang='lat' dir='ltr'><strong>antecedit</strong></span> <span class='ocrx_word' id='word_1_243' title='bbox 674 2907 865 2988; x_wconf 90' lang='lat' dir='ltr'><strong>doctrinam,</strong></span> <span class='ocrx_word' id='word_1_244' title='bbox 889 2915 921 2977; x_wconf 92' lang='lat' dir='ltr'><strong>et</strong></span> <span class='ocrx_word' id='word_1_245' title='bbox 950 2908 991 2975; x_wconf 92' lang='lat' dir='ltr'><strong>ab</strong></span> <span class='ocrx_word' id='word_1_246' title='bbox 1015 2907 1075 2977; x_wconf 88' lang='lat' dir='ltr'><strong>bac</strong></span> <span class='ocrx_word' id='word_1_247' title='bbox 1097 2908 1207 2976; x_wconf 90' lang='lat' dir='ltr'><strong>nolitia</strong></span> <span class='ocrx_word' id='word_1_248' title='bbox 1231 2908 1339 2996; x_wconf 91' lang='lat' dir='ltr'><strong>incipit</strong></span> <span class='ocrx_word' id='word_1_249' title='bbox 1368 2908 1521 2977; x_wconf 90' lang='lat' dir='ltr'><strong>doctrina.</strong></span> <span class='ocrx_word' id='word_1_250' title='bbox 1549 2909 1644 2977; x_wconf 88' lang='lat' dir='ltr'><strong>istam</strong></span> <span class='ocrx_word' id='word_1_251' title='bbox 1665 2915 1777 2978; x_wconf 87' lang='lat' dir='ltr'><strong>aulem</strong></span> 
     </span>
     <span class='ocr_line' id='line_1_24' title="bbox 277 3023 1779 3112; baseline 0.002 -21"><span class='ocrx_word' id='word_1_252' title='bbox 277 3042 338 3091; x_wconf 91' lang='lat' dir='ltr'><strong>non</strong></span> <span class='ocrx_word' id='word_1_253' title='bbox 362 3030 487 3111; x_wconf 90' lang='lat' dir='ltr'><strong>oportet</strong></span> <span class='ocrx_word' id='word_1_254' title='bbox 509 3023 604 3090; x_wconf 93' lang='lat' dir='ltr'><strong>aliam</strong></span> <span class='ocrx_word' id='word_1_255' title='bbox 635 3024 843 3111; x_wconf 87' lang='lat' dir='ltr'><strong>praecedere,</strong></span> <span class='ocrx_word' id='word_1_256' title='bbox 867 3025 942 3112; x_wconf 86' lang='lat' dir='ltr'><strong>quia</strong></span> <span class='ocrx_word' id='word_1_257' title='bbox 965 3025 1011 3093; x_wconf 90' lang='lat' dir='ltr'><strong>sic</strong></span> <span class='ocrx_word' id='word_1_258' title='bbox 1040 3032 1124 3094; x_wconf 91' lang='lat' dir='ltr'><strong>esset</strong></span> <span class='ocrx_word' id='word_1_259' title='bbox 1153 3025 1242 3093; x_wconf 87' lang='lat' dir='ltr'><strong>abire</strong></span> <span class='ocrx_word' id='word_1_260' title='bbox 1274 3025 1306 3092; x_wconf 93' lang='lat' dir='ltr'><strong>in</strong></span> <span class='ocrx_word' id='word_1_261' title='bbox 1329 3024 1556 3093; x_wconf 78' lang='lat' dir='ltr'><strong>inlinitum-</strong></span> <span class='ocrx_word' id='word_1_262' title='bbox 1572 3025 1669 3110; x_wconf 84' lang='lat' dir='ltr'><strong>Quod</strong></span> <span class='ocrx_word' id='word_1_263' title='bbox 1696 3044 1779 3094; x_wconf 83' lang='lat' dir='ltr'><strong>uero</strong></span> 
     </span>
     <span class='ocr_line' id='line_1_25' title="bbox 277 3140 1780 3229; baseline 0.003 -22"><span class='ocrx_word' id='word_1_264' title='bbox 277 3140 480 3228; x_wconf 72' lang='lat' dir='ltr'><strong>dicitquod</strong></span> <span class='ocrx_word' id='word_1_265' title='bbox 511 3140 617 3208; x_wconf 90' lang='lat' dir='ltr'><strong>anima</strong></span> <span class='ocrx_word' id='word_1_266' title='bbox 640 3149 768 3209; x_wconf 89' lang='lat' dir='ltr'><strong>creatur</strong></span> <span class='ocrx_word' id='word_1_267' title='bbox 797 3140 902 3220; x_wconf 89' lang='lat' dir='ltr'><strong>nuda;</strong></span> <span class='ocrx_word' id='word_1_268' title='bbox 924 3158 1039 3209; x_wconf 87' lang='lat' dir='ltr'><strong>verum</strong></span> <span class='ocrx_word' id='word_1_269' title='bbox 1062 3148 1110 3210; x_wconf 92' lang='lat' dir='ltr'><strong>est</strong></span> <span class='ocrx_word' id='word_1_270' title='bbox 1140 3147 1295 3228; x_wconf 87' lang='lat' dir='ltr'><strong>quantum</strong></span> <span class='ocrx_word' id='word_1_271' title='bbox 1323 3141 1364 3209; x_wconf 91' lang='lat' dir='ltr'><strong>ad</strong></span> <span class='ocrx_word' id='word_1_272' title='bbox 1388 3141 1510 3229; x_wconf 88' lang='lat' dir='ltr'><strong>specius</strong></span> <span class='ocrx_word' id='word_1_273' title='bbox 1538 3140 1780 3228; x_wconf 86' lang='lat' dir='ltr'><strong>cognoscibiles.</strong></span> 
     </span>
     <span class='ocr_line' id='line_1_26' title="bbox 278 3256 1782 3346; baseline 0.003 -23"><span class='ocrx_word' id='word_1_274' title='bbox 278 3256 375 3325; x_wconf 85' lang='lat' dir='ltr'><strong>Habet</strong></span> <span class='ocrx_word' id='word_1_275' title='bbox 400 3264 504 3325; x_wconf 83' lang='lat' dir='ltr'><strong>tamen</strong></span> <span class='ocrx_word' id='word_1_276' title='bbox 528 3257 679 3325; x_wconf 83' lang='lat' dir='ltr'><strong>insertam</strong></span> <span class='ocrx_word' id='word_1_277' title='bbox 702 3264 734 3326; x_wconf 92' lang='lat' dir='ltr'><strong>et</strong></span> <span class='ocrx_word' id='word_1_278' title='bbox 756 3256 888 3325; x_wconf 92' lang='lat' dir='ltr'><strong>inditam</strong></span> <span class='ocrx_word' id='word_1_279' title='bbox 912 3257 1067 3325; x_wconf 92' lang='lat' dir='ltr'><strong>rationem</strong></span> <span class='ocrx_word' id='word_1_280' title='bbox 1098 3257 1327 3344; x_wconf 83' lang='lat' dir='ltr'><strong>cognoscendi,</strong></span> <span class='ocrx_word' id='word_1_281' title='bbox 1350 3264 1382 3326; x_wconf 89' lang='lat' dir='ltr'><strong>el</strong></span> <span class='ocrx_word' id='word_1_282' title='bbox 1412 3257 1581 3326; x_wconf 85' lang='lat' dir='ltr'><strong>notitiam⁴</strong></span> <span class='ocrx_word' id='word_1_283' title='bbox 1610 3257 1782 3346; x_wconf 76' lang='lat' dir='ltr'><strong>principio</strong></span> 
     </span>
     <span class='ocr_line' id='line_1_27' title="bbox 278 3371 1781 3461; baseline 0.002 -22"><span class='ocrx_word' id='word_1_284' title='bbox 278 3390 370 3453; x_wconf 94' lang='lat' dir='ltr'><strong>rum,</strong></span> <span class='ocrx_word' id='word_1_285' title='bbox 394 3380 426 3440; x_wconf 92' lang='lat' dir='ltr'><strong>et</strong></span> <span class='ocrx_word' id='word_1_286' title='bbox 448 3372 593 3441; x_wconf 89' lang='lat' dir='ltr'><strong>naturale</strong></span> <span class='ocrx_word' id='word_1_287' title='bbox 617 3373 856 3454; x_wconf 91' lang='lat' dir='ltr'><strong>iudicatorium,</strong></span> <span class='ocrx_word' id='word_1_288' title='bbox 880 3391 1040 3461; x_wconf 86' lang='lat' dir='ltr'><strong>quocum</strong></span> <span class='ocrx_word' id='word_1_289' title='bbox 1064 3371 1223 3441; x_wconf 86' lang='lat' dir='ltr'><strong>adiutorio</strong></span> <span class='ocrx_word' id='word_1_290' title='bbox 1247 3372 1376 3441; x_wconf 91' lang='lat' dir='ltr'><strong>luminis</strong></span> <span class='ocrx_word' id='word_1_291' title='bbox 1402 3373 1497 3461; x_wconf 94' lang='lat' dir='ltr'><strong>primi</strong></span> <span class='ocrx_word' id='word_1_292' title='bbox 1514 3373 1631 3455; x_wconf 87' lang='lat' dir='ltr'><strong>statim,</strong></span> <span class='ocrx_word' id='word_1_293' title='bbox 1652 3372 1781 3442; x_wconf 87' lang='lat' dir='ltr'><strong>obiecto</strong></span> 
     </span>
     <span class='ocr_line' id='line_1_28' title="bbox 278 3487 1782 3577; baseline 0.002 -23"><span class='ocrx_word' id='word_1_294' title='bbox 278 3488 385 3575; x_wconf 85' lang='lat' dir='ltr'><strong>aliquo</strong></span> <span class='ocrx_word' id='word_1_295' title='bbox 412 3487 567 3576; x_wconf 89' lang='lat' dir='ltr'><strong>principio</strong></span> <span class='ocrx_word' id='word_1_296' title='bbox 598 3496 630 3556; x_wconf 91' lang='lat' dir='ltr'><strong>et</strong></span> <span class='ocrx_word' id='word_1_297' title='bbox 652 3489 785 3576; x_wconf 90' lang='lat' dir='ltr'><strong>cognitis</strong></span> <span class='ocrx_word' id='word_1_298' title='bbox 801 3488 958 3571; x_wconf 89' lang='lat' dir='ltr'><strong>terminis,</strong></span> <span class='ocrx_word' id='word_1_299' title='bbox 981 3489 1137 3577; x_wconf 90' lang='lat' dir='ltr'><strong>approbat</strong></span> <span class='ocrx_word' id='word_1_300' title='bbox 1152 3495 1184 3557; x_wconf 90' lang='lat' dir='ltr'><strong>et</strong></span> <span class='ocrx_word' id='word_1_301' title='bbox 1206 3488 1339 3570; x_wconf 89' lang='lat' dir='ltr'><strong>indicat,</strong></span> <span class='ocrx_word' id='word_1_302' title='bbox 1362 3495 1394 3557; x_wconf 90' lang='lat' dir='ltr'><strong>et</strong></span> <span class='ocrx_word' id='word_1_303' title='bbox 1418 3488 1576 3557; x_wconf 87' lang='lat' dir='ltr'><strong>mediante</strong></span> <span class='ocrx_word' id='word_1_304' title='bbox 1592 3489 1651 3557; x_wconf 87' lang='lat' dir='ltr'><strong>ista</strong></span> <span class='ocrx_word' id='word_1_305' title='bbox 1664 3488 1782 3557; x_wconf 89' lang='lat' dir='ltr'><strong>notitia</strong></span> 
     </span>
     <span class='ocr_line' id='line_1_29' title="bbox 278 3603 1781 3692; baseline 0.001 -21"><span class='ocrx_word' id='word_1_306' title='bbox 278 3603 415 3692; x_wconf 79' lang='lat' dir='ltr'><strong>acorririt</strong></span> <span class='ocrx_word' id='word_1_307' title='bbox 437 3603 610 3673; x_wconf 87' lang='lat' dir='ltr'><strong>scientiam.</strong></span> <span class='ocrx_word' id='word_1_308' title='bbox 633 3605 744 3672; x_wconf 90' lang='lat' dir='ltr'><strong>Statim</strong></span> <span class='ocrx_word' id='word_1_309' title='bbox 766 3605 869 3686; x_wconf 90' lang='lat' dir='ltr'><strong>enim,</strong></span> <span class='ocrx_word' id='word_1_310' title='bbox 893 3622 967 3674; x_wconf 91' lang='lat' dir='ltr'><strong>curn</strong></span> <span class='ocrx_word' id='word_1_311' title='bbox 991 3622 1072 3691; x_wconf 89' lang='lat' dir='ltr'><strong>puer</strong></span> <span class='ocrx_word' id='word_1_312' title='bbox 1096 3603 1271 3691; x_wconf 87' lang='lat' dir='ltr'><strong>cognoscit,</strong></span> <span class='ocrx_word' id='word_1_313' title='bbox 1293 3604 1372 3692; x_wconf 86' lang='lat' dir='ltr'><strong>quid</strong></span> <span class='ocrx_word' id='word_1_314' title='bbox 1396 3610 1498 3672; x_wconf 90' lang='lat' dir='ltr'><strong>totum</strong></span> <span class='ocrx_word' id='word_1_315' title='bbox 1521 3603 1651 3691; x_wconf 80' lang='lat' dir='ltr'><strong>etquid</strong></span> <span class='ocrx_word' id='word_1_316' title='bbox 1681 3622 1781 3691; x_wconf 85' lang='lat' dir='ltr'><strong>pars,</strong></span> 
     </span>
     <span class='ocr_line' id='line_1_30' title="bbox 279 3719 1782 3808; baseline 0.001 -21"><span class='ocrx_word' id='word_1_317' title='bbox 279 3726 310 3787; x_wconf 89' lang='lat' dir='ltr'><strong>et</strong></span> <span class='ocrx_word' id='word_1_318' title='bbox 335 3721 430 3788; x_wconf 86' lang='lat' dir='ltr'><strong>babet</strong></span> <span class='ocrx_word' id='word_1_319' title='bbox 460 3719 597 3808; x_wconf 90' lang='lat' dir='ltr'><strong>speciem</strong></span> <span class='ocrx_word' id='word_1_320' title='bbox 621 3720 720 3808; x_wconf 89' lang='lat' dir='ltr'><strong>partis</strong></span> <span class='ocrx_word' id='word_1_321' title='bbox 751 3728 782 3790; x_wconf 88' lang='lat' dir='ltr'><strong>et</strong></span> <span class='ocrx_word' id='word_1_322' title='bbox 806 3721 920 3802; x_wconf 77' lang='lat' dir='ltr'><strong>tutiuS,</strong></span> <span class='ocrx_word' id='word_1_323' title='bbox 943 3720 1036 3799; x_wconf 91' lang='lat' dir='ltr'><strong>dicit,</strong></span> <span class='ocrx_word' id='word_1_324' title='bbox 1059 3720 1145 3807; x_wconf 86' lang='lat' dir='ltr'><strong>quod</strong></span> <span class='ocrx_word' id='word_1_325' title='bbox 1177 3721 1237 3789; x_wconf 90' lang='lat' dir='ltr'><strong>boc</strong></span> <span class='ocrx_word' id='word_1_326' title='bbox 1266 3728 1313 3789; x_wconf 88' lang='lat' dir='ltr'><strong>est</strong></span> <span class='ocrx_word' id='word_1_327' title='bbox 1341 3720 1446 3789; x_wconf 87' lang='lat' dir='ltr'><strong>maius</strong></span> <span class='ocrx_word' id='word_1_328' title='bbox 1475 3720 1540 3789; x_wconf 91' lang='lat' dir='ltr'><strong>illo.</strong></span> <span class='ocrx_word' id='word_1_329' title='bbox 1568 3720 1655 3789; x_wconf 88' lang='lat' dir='ltr'><strong>Unde</strong></span> <span class='ocrx_word' id='word_1_330' title='bbox 1677 3719 1782 3789; x_wconf 87' lang='lat' dir='ltr'><strong>babet</strong></span> 
     </span>
     <span class='ocr_line' id='line_1_31' title="bbox 280 3835 1784 3925; baseline 0 -22"><span class='ocrx_word' id='word_1_331' title='bbox 280 3837 422 3904; x_wconf 92' lang='lat' dir='ltr'><strong>innatum</strong></span> <span class='ocrx_word' id='word_1_332' title='bbox 448 3836 528 3905; x_wconf 89' lang='lat' dir='ltr'><strong>illud</strong></span> <span class='ocrx_word' id='word_1_333' title='bbox 552 3836 761 3925; x_wconf 92' lang='lat' dir='ltr'><strong>principium:</strong></span> <span class='ocrx_word' id='word_1_334' title='bbox 785 3853 879 3905; x_wconf 89' lang='lat' dir='ltr'><strong>omne</strong></span> <span class='ocrx_word' id='word_1_335' title='bbox 903 3842 1004 3904; x_wconf 87' lang='lat' dir='ltr'><strong>totum</strong></span> <span class='ocrx_word' id='word_1_336' title='bbox 1027 3841 1075 3904; x_wconf 91' lang='lat' dir='ltr'><strong>est</strong></span> <span class='ocrx_word' id='word_1_337' title='bbox 1099 3835 1203 3904; x_wconf 90' lang='lat' dir='ltr'><strong>maius</strong></span> <span class='ocrx_word' id='word_1_338' title='bbox 1225 3853 1285 3904; x_wconf 89' lang='lat' dir='ltr'><strong>sua</strong></span> <span class='ocrx_word' id='word_1_339' title='bbox 1306 3842 1411 3922; x_wconf 87' lang='lat' dir='ltr'><strong>parte,</strong></span> <span class='ocrx_word' id='word_1_340' title='bbox 1440 3835 1528 3923; x_wconf 86' lang='lat' dir='ltr'><strong>quud</strong></span> <span class='ocrx_word' id='word_1_341' title='bbox 1552 3835 1657 3905; x_wconf 88' lang='lat' dir='ltr'><strong>statim</strong></span> <span class='ocrx_word' id='word_1_342' title='bbox 1673 3835 1784 3923; x_wconf 79' lang='lat' dir='ltr'><strong>mgni·</strong></span> 
     </span>
     <span class='ocr_line' id='line_1_32' title="bbox 280 3951 677 4038; baseline 0 -20"><span class='ocrx_word' id='word_1_343' title='bbox 280 3951 320 4019; x_wconf 91' lang='lat' dir='ltr'><strong>iis</strong></span> <span class='ocrx_word' id='word_1_344' title='bbox 344 3951 487 4019; x_wconf 92' lang='lat' dir='ltr'><strong>terminis</strong></span> <span class='ocrx_word' id='word_1_345' title='bbox 510 3953 677 4038; x_wconf 85' lang='lat' dir='ltr'><strong>cognoscit</strong></span> 
     </span>
    </p>

    <p class='ocr_par' dir='ltr' id='par_1_5' title="bbox 280 4065 1784 4386">
     <span class='ocr_line' id='line_1_33' title="bbox 369 4065 1783 4169; baseline 0.002 -36"><span class='ocrx_word' id='word_1_346' title='bbox 369 4066 414 4134; x_wconf 80' lang='lat' dir='ltr'><strong>ild</strong></span> <span class='ocrx_word' id='word_1_347' title='bbox 437 4067 468 4134; x_wconf 83' lang='lat' dir='ltr'><strong>l.</strong></span> <span class='ocrx_word' id='word_1_348' title='bbox 500 4066 689 4148; x_wconf 89' lang='lat' dir='ltr'><strong>dicendum,</strong></span> <span class='ocrx_word' id='word_1_349' title='bbox 720 4066 804 4154; x_wconf 88' lang='lat' dir='ltr'><strong>quod</strong></span> <span class='ocrx_word' id='word_1_350' title='bbox 837 4067 877 4134; x_wconf 91' lang='lat' dir='ltr'><strong>de</strong></span> <span class='ocrx_word' id='word_1_351' title='bbox 908 4065 1133 4148; x_wconf 87' lang='lat' dir='ltr'><strong>mutabilibus,</strong></span> <span class='ocrx_word' id='word_1_352' title='bbox 1165 4066 1410 4169; x_wconf 82' lang='lat' dir='ltr'><strong>temporalibus,</strong></span> <span class='ocrx_word' id='word_1_353' title='bbox 1441 4065 1713 4155; x_wconf 88' lang='lat' dir='ltr'><strong>contingentibus,</strong></span> <span class='ocrx_word' id='word_1_354' title='bbox 1746 4068 1783 4136; x_wconf 92' lang='lat' dir='ltr'><strong>in</strong></span> 
     </span>
     <span class='ocr_line' id='line_1_34' title="bbox 280 4182 1784 4271; baseline 0 -20"><span class='ocrx_word' id='word_1_355' title='bbox 280 4190 435 4271; x_wconf 88' lang='lat' dir='ltr'><strong>quantum</strong></span> <span class='ocrx_word' id='word_1_356' title='bbox 460 4183 661 4265; x_wconf 85' lang='lat' dir='ltr'><strong>huiusmodi,</strong></span> <span class='ocrx_word' id='word_1_357' title='bbox 693 4202 755 4250; x_wconf 93' lang='lat' dir='ltr'><strong>non</strong></span> <span class='ocrx_word' id='word_1_358' title='bbox 786 4189 834 4251; x_wconf 91' lang='lat' dir='ltr'><strong>est</strong></span> <span class='ocrx_word' id='word_1_359' title='bbox 857 4183 1000 4265; x_wconf 90' lang='lat' dir='ltr'><strong>scientia,</strong></span> <span class='ocrx_word' id='word_1_360' title='bbox 1029 4183 1086 4251; x_wconf 90' lang='lat' dir='ltr'><strong>sed</strong></span> <span class='ocrx_word' id='word_1_361' title='bbox 1117 4183 1150 4250; x_wconf 93' lang='lat' dir='ltr'><strong>in</strong></span> <span class='ocrx_word' id='word_1_362' title='bbox 1180 4190 1336 4269; x_wconf 89' lang='lat' dir='ltr'><strong>quantum</strong></span> <span class='ocrx_word' id='word_1_363' title='bbox 1361 4182 1540 4265; x_wconf 85' lang='lat' dir='ltr'><strong>mutabilia,</strong></span> <span class='ocrx_word' id='word_1_364' title='bbox 1572 4182 1784 4270; x_wconf 87' lang='lat' dir='ltr'><strong>temporalia,</strong></span> 
     </span>
     <span class='ocr_line' id='line_1_35' title="bbox 280 4297 1784 4386; baseline 0.002 -19"><span class='ocrx_word' id='word_1_365' title='bbox 280 4297 491 4385; x_wconf 88' lang='lat' dir='ltr'><strong>contingentia</strong></span> <span class='ocrx_word' id='word_1_366' title='bbox 507 4298 624 4367; x_wconf 80' lang='lat' dir='ltr'><strong>liabent</strong></span> <span class='ocrx_word' id='word_1_367' title='bbox 640 4299 777 4367; x_wconf 90' lang='lat' dir='ltr'><strong>rationes</strong></span> <span class='ocrx_word' id='word_1_368' title='bbox 793 4306 824 4367; x_wconf 90' lang='lat' dir='ltr'><strong>et</strong></span> <span class='ocrx_word' id='word_1_369' title='bbox 847 4299 932 4386; x_wconf 88' lang='lat' dir='ltr'><strong>leges</strong></span> <span class='ocrx_word' id='word_1_370' title='bbox 949 4297 1172 4380; x_wconf 89' lang='lat' dir='ltr'><strong>immutabiles,</strong></span> <span class='ocrx_word' id='word_1_371' title='bbox 1185 4306 1330 4367; x_wconf 86' lang='lat' dir='ltr'><strong>aeternas</strong></span> <span class='ocrx_word' id='word_1_372' title='bbox 1345 4307 1377 4368; x_wconf 90' lang='lat' dir='ltr'><strong>el</strong></span> <span class='ocrx_word' id='word_1_373' title='bbox 1396 4298 1598 4369; x_wconf 87' lang='lat' dir='ltr'><strong>necessarias.</strong></span> <span class='ocrx_word' id='word_1_374' title='bbox 1616 4300 1654 4368; x_wconf 90' lang='lat' dir='ltr'><strong>Ut</strong></span> <span class='ocrx_word' id='word_1_375' title='bbox 1668 4307 1784 4370; x_wconf 88' lang='lat' dir='ltr'><strong>autem</strong></span> 
     </span>
    </p>
   </div>
   <div class='ocr_carea' id='block_1_3' title="bbox 281 4646 1787 5308">
    <p class='ocr_par' dir='ltr' id='par_1_6' title="bbox 281 4646 1787 5009">
     <span class='ocr_line' id='line_1_36' title="bbox 371 4646 1782 4717; baseline 0.003 -17"><span class='ocrx_word' id='word_1_376' title='bbox 371 4648 378 4682; x_wconf 91' lang='lat'>¹</span> <span class='ocrx_word' id='word_1_377' title='bbox 400 4648 475 4701; x_wconf 75' lang='lat' dir='ltr'><strong>Nrrm.</strong></span> <span class='ocrx_word' id='word_1_378' title='bbox 490 4650 520 4702; x_wconf 80' lang='lat' dir='ltr'><strong>t:</strong></span> <span class='ocrx_word' id='word_1_379' title='bbox 539 4649 590 4702; x_wconf 75' lang='lat' dir='ltr'><strong>«Ul</strong></span> <span class='ocrx_word' id='word_1_380' title='bbox 607 4650 668 4717; x_wconf 87' lang='lat' dir='ltr'><strong>quia</strong></span> <span class='ocrx_word' id='word_1_381' title='bbox 682 4647 790 4715; x_wconf 77' lang='lat' dir='ltr'><strong>(urrinnai</strong></span> <span class='ocrx_word' id='word_1_382' title='bbox 810 4653 901 4700; x_wconf 88' lang='lat' dir='ltr'><strong>natura</strong></span> <span class='ocrx_word' id='word_1_383' title='bbox 920 4646 1088 4711; x_wconf 88' lang='lat' dir='ltr'><strong>intelligibilis</strong></span> <span class='ocrx_word' id='word_1_384' title='bbox 1106 4654 1146 4702; x_wconf 87' lang='lat' dir='ltr'><strong>est</strong></span> <span class='ocrx_word' id='word_1_385' title='bbox 1163 4653 1190 4701; x_wconf 86' lang='lat' dir='ltr'><strong>et</strong></span> <span class='ocrx_word' id='word_1_386' title='bbox 1207 4649 1368 4703; x_wconf 90' lang='lat' dir='ltr'><strong>connectitur</strong></span> <span class='ocrx_word' id='word_1_387' title='bbox 1386 4662 1438 4701; x_wconf 91' lang='lat' dir='ltr'><strong>nou</strong></span> <span class='ocrx_word' id='word_1_388' title='bbox 1457 4648 1542 4702; x_wconf 89' lang='lat' dir='ltr'><strong>solum</strong></span> <span class='ocrx_word' id='word_1_389' title='bbox 1561 4647 1782 4717; x_wconf 83' lang='lat' dir='ltr'><strong>intelligibilibus,</strong></span> 
     </span>
     <span class='ocr_line' id='line_1_37' title="bbox 282 4745 1787 4815; baseline 0.003 -17"><span class='ocrx_word' id='word_1_390' title='bbox 282 4761 374 4799; x_wconf 75' lang='lat' dir='ltr'><strong>turrim</strong></span> <span class='ocrx_word' id='word_1_391' title='bbox 402 4749 480 4801; x_wconf 79' lang='lat' dir='ltr'><strong>edrrm</strong></span> <span class='ocrx_word' id='word_1_392' title='bbox 509 4746 716 4801; x_wconf 83' lang='lat' dir='ltr'><strong>immutabilibus</strong></span> <span class='ocrx_word' id='word_1_393' title='bbox 742 4746 842 4811; x_wconf 90' lang='lat' dir='ltr'><strong>rebus,</strong></span> <span class='ocrx_word' id='word_1_394' title='bbox 862 4760 894 4798; x_wconf 88' lang='lat' dir='ltr'><strong>eo</strong></span> <span class='ocrx_word' id='word_1_395' title='bbox 912 4746 1004 4799; x_wconf 91' lang='lat' dir='ltr'><strong>urdine</strong></span> <span class='ocrx_word' id='word_1_396' title='bbox 1023 4747 1088 4799; x_wconf 85' lang='lat' dir='ltr'><strong>iactu</strong></span> <span class='ocrx_word' id='word_1_397' title='bbox 1107 4751 1160 4812; x_wconf 86' lang='lat' dir='ltr'><strong>est,</strong></span> <span class='ocrx_word' id='word_1_398' title='bbox 1179 4751 1208 4799; x_wconf 92' lang='lat' dir='ltr'><strong>ut</strong></span> <span class='ocrx_word' id='word_1_399' title='bbox 1226 4760 1287 4800; x_wconf 89' lang='lat' dir='ltr'><strong>cum</strong></span> <span class='ocrx_word' id='word_1_400' title='bbox 1306 4761 1335 4799; x_wconf 88' lang='lat' dir='ltr'><strong>se</strong></span> <span class='ocrx_word' id='word_1_401' title='bbox 1353 4745 1387 4798; x_wconf 89' lang='lat' dir='ltr'><strong>ud</strong></span> <span class='ocrx_word' id='word_1_402' title='bbox 1411 4760 1456 4799; x_wconf 84' lang='lat' dir='ltr'><strong>eus</strong></span> <span class='ocrx_word' id='word_1_403' title='bbox 1480 4760 1524 4799; x_wconf 85' lang='lat' dir='ltr'><strong>res</strong></span> <span class='ocrx_word' id='word_1_404' title='bbox 1546 4750 1653 4811; x_wconf 83' lang='lat' dir='ltr'><strong>movet,</strong></span> <span class='ocrx_word' id='word_1_405' title='bbox 1681 4746 1787 4815; x_wconf 86' lang='lat' dir='ltr'><strong>qulbus</strong></span> 
     </span>
     <span class='ocr_line' id='line_1_38' title="bbox 281 4842 1787 4911; baseline 0.003 -15"><span class='ocrx_word' id='word_1_406' title='bbox 281 4859 396 4897; x_wconf 83' lang='lat' dir='ltr'><strong>corruere</strong></span> <span class='ocrx_word' id='word_1_407' title='bbox 415 4851 468 4910; x_wconf 84' lang='lat' dir='ltr'><strong>ost,</strong></span> <span class='ocrx_word' id='word_1_408' title='bbox 486 4845 527 4897; x_wconf 87' lang='lat' dir='ltr'><strong>vol</strong></span> <span class='ocrx_word' id='word_1_409' title='bbox 547 4845 580 4897; x_wconf 91' lang='lat' dir='ltr'><strong>ad</strong></span> <span class='ocrx_word' id='word_1_410' title='bbox 600 4860 628 4897; x_wconf 88' lang='lat' dir='ltr'><strong>so</strong></span> <span class='ocrx_word' id='word_1_411' title='bbox 648 4846 747 4911; x_wconf 87' lang='lat' dir='ltr'><strong>ipsam,</strong></span> <span class='ocrx_word' id='word_1_412' title='bbox 767 4845 791 4896; x_wconf 90' lang='lat' dir='ltr'><strong>in</strong></span> <span class='ocrx_word' id='word_1_413' title='bbox 811 4848 939 4911; x_wconf 84' lang='lat' dir='ltr'><strong>quantum</strong></span> <span class='ocrx_word' id='word_1_414' title='bbox 958 4857 1003 4896; x_wconf 79' lang='lat' dir='ltr'><strong>aas</strong></span> <span class='ocrx_word' id='word_1_415' title='bbox 1021 4843 1109 4911; x_wconf 75' lang='lat' dir='ltr'><strong>ridor,</strong></span> <span class='ocrx_word' id='word_1_416' title='bbox 1129 4845 1155 4896; x_wconf 91' lang='lat' dir='ltr'><strong>in</strong></span> <span class='ocrx_word' id='word_1_417' title='bbox 1175 4849 1275 4897; x_wconf 82' lang='lat' dir='ltr'><strong>teritum</strong></span> <span class='ocrx_word' id='word_1_418' title='bbox 1295 4843 1329 4897; x_wconf 89' lang='lat' dir='ltr'><strong>de</strong></span> <span class='ocrx_word' id='word_1_419' title='bbox 1347 4845 1387 4897; x_wconf 90' lang='lat' dir='ltr'><strong>bis</strong></span> <span class='ocrx_word' id='word_1_420' title='bbox 1406 4858 1469 4898; x_wconf 82' lang='lat' dir='ltr'><strong>vela</strong></span> <span class='ocrx_word' id='word_1_421' title='bbox 1487 4842 1681 4910; x_wconf 69' lang='lat' dir='ltr'><strong>merendam».</strong></span> <span class='ocrx_word' id='word_1_422' title='bbox 1696 4844 1787 4900; x_wconf 84' lang='lat' dir='ltr'><strong>Locus</strong></span> 
     </span>
     <span class='ocr_line' id='line_1_39' title="bbox 281 4940 1076 5009; baseline 0 -15"><span class='ocrx_word' id='word_1_423' title='bbox 281 4957 312 4995; x_wconf 84' lang='lat' dir='ltr'><strong>ea</strong></span> <span class='ocrx_word' id='word_1_424' title='bbox 332 4942 398 4995; x_wconf 90' lang='lat' dir='ltr'><strong>libro</strong></span> <span class='ocrx_word' id='word_1_425' title='bbox 418 4943 450 4996; x_wconf 90' lang='lat' dir='ltr'><strong>do</strong></span> <span class='ocrx_word' id='word_1_426' title='bbox 470 4943 542 4996; x_wconf 83' lang='lat' dir='ltr'><strong>Triu.</strong></span> <span class='ocrx_word' id='word_1_427' title='bbox 562 4958 640 5009; x_wconf 83' lang='lat' dir='ltr'><strong>saepe</strong></span> <span class='ocrx_word' id='word_1_428' title='bbox 659 4944 712 4996; x_wconf 85' lang='lat' dir='ltr'><strong>iam</strong></span> <span class='ocrx_word' id='word_1_429' title='bbox 732 4944 828 4996; x_wconf 87' lang='lat' dir='ltr'><strong>relatus</strong></span> <span class='ocrx_word' id='word_1_430' title='bbox 846 4948 901 5009; x_wconf 81' lang='lat' dir='ltr'><strong>est,</strong></span> <span class='ocrx_word' id='word_1_431' title='bbox 921 4942 967 4995; x_wconf 83' lang='lat' dir='ltr'><strong>cir.</strong></span> <span class='ocrx_word' id='word_1_432' title='bbox 987 4956 1012 5008; x_wconf 91' lang='lat' dir='ltr'><strong>p.</strong></span> <span class='ocrx_word' id='word_1_433' title='bbox 1032 4940 1076 4994; x_wconf 85' lang='lat'><strong>77.</strong></span> 
     </span>
    </p>

    <p class='ocr_par' dir='ltr' id='par_1_7' title="bbox 370 5039 548 5110">
     <span class='ocr_line' id='line_1_40' title="bbox 370 5039 548 5110; baseline 0.017 -19"><span class='ocrx_word' id='word_1_434' title='bbox 370 5039 548 5110; x_wconf 76' lang='lat' dir='ltr'><strong>⁹Cpercipi.</strong></span> 
     </span>
    </p>

    <p class='ocr_par' dir='ltr' id='par_1_8' title="bbox 371 5138 635 5206">
     <span class='ocr_line' id='line_1_41' title="bbox 371 5138 635 5206; baseline -0.004 -12"><span class='ocrx_word' id='word_1_435' title='bbox 371 5138 464 5206; x_wconf 81' lang='lat' dir='ltr'><strong>³Cnp.</strong></span> <span class='ocrx_word' id='word_1_436' title='bbox 486 5141 527 5192; x_wconf 92' lang='lat' dir='ltr'><strong>ll.</strong></span> <span class='ocrx_word' id='word_1_437' title='bbox 547 5154 573 5192; x_wconf 93' lang='lat' dir='ltr'><strong>n.</strong></span> <span class='ocrx_word' id='word_1_438' title='bbox 593 5140 635 5193; x_wconf 77' lang='lat' dir='ltr'><strong>ab.</strong></span> 
     </span>
    </p>

    <p class='ocr_par' dir='ltr' id='par_1_9' title="bbox 371 5235 1634 5308">
     <span class='ocr_line' id='line_1_42' title="bbox 371 5235 1634 5308; baseline 0.002 -18"><span class='ocrx_word' id='word_1_439' title='bbox 371 5237 382 5273; x_wconf 84' lang='lat'><strong>⁴</strong></span> <span class='ocrx_word' id='word_1_440' title='bbox 402 5239 421 5290; x_wconf 89' lang='lat' dir='ltr'><strong>ll</strong></span> <span class='ocrx_word' id='word_1_441' title='bbox 439 5239 513 5293; x_wconf 88' lang='lat' dir='ltr'><strong>addit</strong></span> <span class='ocrx_word' id='word_1_442' title='bbox 526 5237 703 5308; x_wconf 66' lang='lat' dir='ltr'><strong>primorum,-</strong></span> <span class='ocrx_word' id='word_1_443' title='bbox 723 5238 818 5292; x_wconf 83' lang='lat' dir='ltr'><strong>deinde</strong></span> <span class='ocrx_word' id='word_1_444' title='bbox 836 5236 856 5292; x_wconf 89' lang='lat' dir='ltr'>C</span> <span class='ocrx_word' id='word_1_445' title='bbox 875 5245 934 5305; x_wconf 86' lang='lat' dir='ltr'><strong>post</strong></span> <span class='ocrx_word' id='word_1_446' title='bbox 952 5235 1150 5308; x_wconf 79' lang='lat' dir='ltr'><strong>principiorum</strong></span> <span class='ocrx_word' id='word_1_447' title='bbox 1169 5238 1254 5293; x_wconf 86' lang='lat' dir='ltr'><strong>addit:</strong></span> <span class='ocrx_word' id='word_1_448' title='bbox 1277 5237 1366 5294; x_wconf 80' lang='lat' dir='ltr'><strong>&#39;amca</strong></span> <span class='ocrx_word' id='word_1_449' title='bbox 1383 5235 1483 5294; x_wconf 68' lang='lat' dir='ltr'><strong>cadoci</strong></span> <span class='ocrx_word' id='word_1_450' title='bbox 1498 5236 1634 5293; x_wconf 78' lang='lat' dir='ltr'><strong>nutumlc.</strong></span> 
     </span>
    </p>
   </div>
   <div class='ocr_carea' id='block_1_4' title="bbox 0 0 1958 6484">
    <p class='ocr_par' dir='ltr' id='par_1_10' title="bbox 0 0 1958 6484">
     <span class='ocr_line' id='line_1_43' title="bbox 0 0 1958 6484; baseline 0 0"><span class='ocrx_word' id='word_1_451' title='bbox 0 0 1958 6484; x_wconf 95' lang='lat' dir='ltr'><strong> </strong></span> 
     </span>
    </p>
   </div>
  </div>
 </body>
</html>
