3870 6488
233 303 275 371 lo
850 315 1117 367 uersenrsro.

229 466 412 532 optritae,
437 464 510 511 cum
535 443 711 530 dependeat
736 462 755 509 a
783 443 883 528 prinu
924 442 1074 523 recitate,
1111 461 1193 529 quae
1227 440 1331 507 ‹irrnria
1369 449 1543 522 mensurat,
1567 440 1633 529 ipsa
1669 461 1731 509 non

230 569 423 628 mmmmm

319 677 407 745 Utilis
442 696 503 744 nou
539 676 645 744 niinns
668 685 716 743 est
740 677 816 743 baec
841 676 881 742 de
904 694 989 743 nexu
1015 676 1113 743 nostri
1143 675 1321 743 intellectus
1355 673 1560 762 cumprime
1595 674 1730 742 recitate

229 793 368 859 doctrina
394 794 434 859 ad
459 793 687 860 ostendendam
714 792 915 859 nobilitatem
939 793 1053 859 mentis
1078 792 1244 859 linruanae.
1270 792 1348 859 llaec
1364 791 1449 858 enim
1466 799 1514 858 est
1529 798 1636 859 ereata
1653 790 1731 858 ima-

228 928 267 993 go
291 909 447 975 increatae
466 908 627 987 Veritatis,
644 907 686 973 ub
704 907 778 992 ipso
803 908 984 974 immediate
1006 907 1097 994 quani
1122 926 1274 974 emanans
1297 914 1328 974 et
1350 907 1398 973 art
1417 907 1527 993 tparam
1545 906 1729 973 immediate

227 1042 396 1101 carlatensi,
420 1024 506 1089 unde
531 1031 660 1089 roratur
684 1042 700 1088 a
726 1024 755 1088 S.
782 1022 1002 1089 llouauentnra
1025 1022 1152 1099 (ltluer.
1175 1030 1272 1088 alterat.
1298 1022 1333 1087 in
1368 1022 1472 1089 Dono
1496 1040 1523 1090 c.
1548 1021 1593 1105 3.)
1621 1042 1730 1088 «sun-

227 1140 399 1206 elum·iuor
412 1192 422 1217 ,
433 1139 488 1205 ubi
506 1139 693 1206 admodum
711 1138 892 1206 candelabri
912 1139 1031 1205 relucet
1048 1139 1106 1204 lux
1124 1137 1265 1205 veritatis
1282 1138 1312 1204 in
1329 1137 1407 1205 brie
1423 1138 1538 1207 mentis
1557 1145 1727 1206 nostrae».

316 1256 521 1323 thilisetiam
545 1254 654 1321 estad
680 1254 978 1334 demonstrandam,
1002 1272 1099 1340 utiam
1123 1255 1204 1321 altas
1235 1254 1358 1321 radices
1384 1253 1413 1320 in
1447 1262 1553 1322 mente
1587 1254 1728 1321 bumana

228 1371 341 1437 babeat
365 1371 435 1437 idea
459 1370 523 1437 liei.
547 1370 688 1453 lbgnilio
710 1369 839 1456 cpridem
864 1369 1020 1455 erpticitu
1043 1376 1074 1436 et
1087 1369 1231 1455 proprio
1248 1369 1302 1436 liei
1320 1369 1498 1457 acquiritur
1518 1388 1576 1457 per
1592 1369 1726 1437 modum

225 1486 435 1553 conclusionis
469 1492 500 1552 ct
534 1485 700 1552 cniusdam
725 1483 1236 1571 demonstrationis,procedendo
1270 1485 1311 1553 cib
1340 1484 1504 1553 edentibus
1539 1485 1654 1553 creatis
1684 1486 1725 1552 ad

224 1620 353 1667 causam
389 1602 534 1688 primam.
570 1601 753 1667 Calvdlltltltll
788 1608 892 1668 tclrncn
916 1608 981 1679 est,
1006 1619 1044 1668 no
1070 1601 1171 1668 ideam
1197 1600 1252 1667 Dei
1283 1601 1413 1667 omuino
1445 1600 1557 1668 eodem
1582 1600 1651 1668 loco
1674 1601 1727 1668 ba-

225 1717 359 1782 beamus
392 1724 423 1783 et
457 1717 599 1803 aerpralis
622 1714 809 1782 conditionis
832 1733 901 1781 esse
925 1723 1074 1801 putemus
1097 1734 1171 1783 cnm
1200 1716 1270 1783 aliis
1293 1715 1423 1783 obiectis
1453 1723 1486 1783 et
1519 1716 1726 1785 conclusioni·

225 1832 294 1903 bus.
318 1849 375 1917 per
397 1831 696 1898 demonstrationem
721 1830 883 1917 prolutis,
907 1838 943 1897 nt
967 1831 1134 1917 imperitus
1157 1830 1292 1918 qrrisone
1317 1830 1406 1898 laeile
1430 1830 1488 1898 sill
1511 1831 1618 1899 animo
1640 1830 1726 1898 eliru-

224 1964 297 2029 gero
321 1955 446 2031 posset,
471 1946 604 2031 legendo
626 1946 781 2032 oririsdam
812 1946 930 2017 libros,
965 1946 1059 2013 etiam
1091 1945 1292 2032 theologicos.
1328 1945 1388 2014 Sed
1416 1946 1508 2015 aliter
1544 1946 1727 2015 intellectus

224 2061 383 2127 numanus
407 2062 543 2130 nectitur
566 2080 638 2129 cum
664 2062 766 2148 prima
802 2061 934 2128 veritate
969 2061 1234 2141 incommutabili,
1269 2060 1361 2129 aliter
1395 2080 1469 2130 cnm
1499 2062 1624 2131 obiecto
1645 2082 1725 2150 quo

222 2194 359 2263 cunnpro
393 2177 600 2262 contingente.
637 2177 723 2245 llncle
757 2178 874 2263 optimo
898 2176 1019 2264 antiqui
1045 2176 1205 2263 magistri,
1228 2176 1274 2244 uti
1299 2176 1507 2263 probavimus
1524 2178 1546 2259 ¹,
1569 2178 1724 2247 distinxe

222 2298 298 2357 runt
320 2292 480 2378 cprandarn
505 2290 682 2379 corrsesorn
705 2300 736 2359 et
760 2292 985 2379 irrepropricun
1010 2292 1064 2360 liei
1088 2293 1249 2372 notitiam,
1273 2292 1304 2359 in
1335 2293 1443 2380 aliquo
1476 2294 1638 2362 communi
1668 2295 1726 2362 irn-

221 2405 383 2491 plicatam,
399 2426 418 2472 a
434 2407 608 2493 cognitione
633 2408 687 2475 Dei
712 2408 773 2475 snb
794 2408 938 2494 proprio
960 2428 1026 2474 occo
1049 2407 1203 2487 r·otione‚·
1227 2408 1309 2475 liano
1325 2427 1386 2475 non
1403 2427 1473 2477 esse
1488 2428 1545 2497 per
1561 2427 1595 2477 se
1611 2418 1725 2479 nolam

220 2522 325 2607 qrrurd
349 2541 423 2603 nos,
447 2523 534 2589 illam
559 2542 633 2590 vero
656 2542 725 2591 esse
749 2531 853 2590 notam
879 2542 935 2610 per
953 2541 1001 2603 se,
1017 2523 1228 2591 communiter
1244 2524 1500 2611 pronuntiarunt.
1516 2526 1595 2611 Qrais
1611 2535 1724 2595 alitem

221 2656 336 2723 negare
352 2638 443 2720 uelit,
461 2637 538 2705 illud
556 2639 641 2725 cpucul
657 2646 704 2707 est
721 2648 833 2705 lantiam
847 2658 909 2725 per
924 2658 974 2717 oc,
991 2656 1061 2705 esse
1078 2638 1201 2706 initium
1218 2648 1251 2706 et
1265 2640 1356 2727 qnasi
1373 2640 1513 2709 radicem
1530 2642 1601 2710 eins
1630 2643 1722 2729 quod

220 2763 328 2838 postea
351 2772 409 2840 per
431 2754 518 2821 cilind
543 2754 692 2841 explicite
715 2755 932 2839 cognoscitur3
956 2762 1004 2820 est
1026 2754 1110 2823 euim
1135 2755 1187 2822 lex
1212 2757 1386 2841 generaliS,
1422 2758 1508 2844 quod
1542 2756 1725 2827 intellectus

219 2868 380 2935 lnnnanus
403 2870 444 2937 ab
467 2871 649 2957 imperfecta
672 2879 704 2939 et
728 2872 757 2938 iu
782 2871 844 2938 alio
866 2871 1025 2958 implicata
1041 2872 1216 2958 cognitione
1232 2873 1456 2960 progrediatur
1472 2874 1513 2942 ad
1537 2874 1723 2942 distinctam

219 2991 250 3051 et
273 2986 454 3071 perlectam.
700 3070 705 3080 ι

309 3101 396 3169 lItilis
419 3121 532 3189 porro,
556 3103 614 3171 uisi
640 3103 798 3183 lalliumr,
822 3121 891 3170 esse
914 3110 1020 3191 posset
1043 3104 1153 3173 eadem
1180 3104 1314 3185 veritas,
1342 3112 1377 3172 nl
1400 3105 1520 3171 owrlua
1545 3106 1723 3173 troeturuli

218 3216 258 3282 de
282 3218 378 3284 rebus
401 3218 627 3305 pbilosoplriris
650 3238 711 3285 non
737 3219 796 3291 in,
820 3227 855 3285 ut
881 3238 948 3286 mos
970 3227 1040 3301 est,
1059 3221 1154 3287 nimis
1177 3229 1339 3288 removeat
1373 3220 1565 3289 elementum
1599 3220 1717 3289 tlicrilo

217 3334 340 3417 girum,
364 3334 431 3401 sire
454 3336 560 3422 potius
585 3336 702 3415 Derim,
725 3336 816 3422 (lilasi
840 3335 1017 3422 separando
1041 3339 1206 3405 veritatem
1229 3343 1367 3404 creatam
1396 3336 1437 3403 ab
1462 3337 1618 3417 increata,
1643 3354 1716 3403 carr·

217 3467 268 3515 sas
291 3451 447 3518 secundas
469 3470 489 3517 a
513 3452 616 3537 prima
638 3470 744 3531 cansa,
767 3452 984 3537 exemplatum
1009 3453 1050 3520 ab
1073 3452 1267 3539 exemplari,
1293 3453 1399 3521 radios
1421 3472 1441 3520 a
1463 3471 1523 3521 stur
1546 3452 1623 3521 sole.
1641 3453 1718 3531 ilinc

217 3564 269 3639 bl,
294 3573 328 3632 nt
353 3566 492 3652 plurimi,
516 3566 741 3654 philosophicis
764 3566 1015 3635 discussionibus
1038 3576 1070 3635 ot
1091 3568 1206 3636 creatis
1230 3567 1327 3635 rebus
1351 3568 1471 3648 intenti,
1488 3568 1546 3655 ipsi
1572 3569 1722 3653 lrangaut

216 3680 275 3746 sibi
299 3688 330 3747 ct
352 3681 423 3749 aliis
454 3683 598 3750 «sudam
623 3683 663 3750 ad
687 3682 923 3756 ascendendum
947 3682 988 3748 ab
1012 3682 1218 3751 universitate
1241 3701 1351 3749 rerum
1375 3682 1406 3749 in
1427 3683 1560 3750 Deum»
1584 3682 1718 3769 (itiner.

217 3796 334 3861 arcentis
356 3797 392 3863 in
417 3798 521 3864 marin
544 3817 570 3865 c.
600 3799 651 3883 1.).
670 3836 713 3847 —
729 3798 930 3865 tirarissiruis
954 3797 1060 3865 uerbis
1083 3800 1141 3867 lios
1163 3799 1269 3885 arguit
1292 3800 1322 3875 S,
1347 3799 1567 3866 Bonane-utura
1597 3798 1721 3881 libido:

223 3914 311 3998 «Qui
336 3915 430 3981 tantis
453 3933 562 3982 rerum
586 3922 766 3983 creatarum
791 3914 1015 4001 splendoribus
1036 3934 1099 3983 non
1125 3915 1322 3994 illustratur,
1344 3932 1459 3983 caecus
1482 3920 1551 3993 est3
1575 3914 1632 4002 qrri
1651 3920 1720 3981 tan·

215 4029 255 4095 lis
277 4030 471 4098 clamoribus
496 4050 556 4098 nrm
580 4030 725 4118 evigilat,
749 4031 868 4097 surdus
891 4038 960 4111 est;
983 4032 1037 4118 qui
1062 4049 1103 4098 ex
1120 4030 1268 4097 omnibus
1284 4030 1334 4098 bis
1350 4029 1515 4098 clientibus
1532 4030 1634 4097 Deum
1652 4047 1718 4099 non

216 4143 341 4225 incidat,
366 4155 475 4214 mutus
497 4155 566 4229 est;
590 4148 644 4235 qcri
669 4165 710 4215 ex
736 4147 830 4213 tacitis
853 4146 978 4214 imliciis
1002 4147 1141 4234 prirnnm
1166 4146 1358 4233 principium
1374 4164 1437 4213 non
1463 4145 1619 4226 arlrertit,
1640 4146 1724 4214 stul·

216 4269 266 4329 tus
289 4272 346 4330 est.
371 4304 414 4312 -
437 4266 528 4352 Aperi
553 4284 630 4353 ergo
652 4264 778 4345 acidos,
802 4282 898 4332 narres
921 4265 1102 4351 spirituales
1126 4265 1279 4343 admove,
1303 4265 1386 4332 lubia
1412 4272 1467 4331 tna
1490 4264 1578 4333 solue
1600 4272 1634 4333 et
1657 4282 1722 4333 cor

216 4384 305 4444 tnum
329 4398 468 4466 appone,
492 4392 528 4448 ut
552 4384 582 4449 in
607 4382 756 4449 omnilms
779 4382 934 4449 creaturis
959 4382 1058 4449 marin
1085 4388 1176 4448 tumn
1201 4382 1327 4460 rideas,
1351 4380 1481 4462 audias,
1512 4380 1640 4461 laudes,
1671 4382 1723 4451 di·

108 4482 112 4489 ’
214 4491 291 4580 ligas
314 4503 346 4563 et
369 4496 472 4575 cellas,
497 4499 680 4584 magnifices
703 4506 734 4566 et
758 4499 972 4567 honoresue
996 4498 1076 4566 lorle
1100 4504 1210 4565 contra
1232 4502 1264 4565 te
1288 4497 1459 4565 universus
1493 4496 1582 4564 orbis
1615 4502 1720 4565 terra·

215 4630 285 4678 rum
311 4622 480 4697 consurgat
497 4644 527 4681 ».

302 4728 389 4796 Utilis
412 4730 548 4817 deniqne
571 4740 619 4797 ost
643 4729 786 4796 rerlnrtio
809 4729 912 4794 oninis
948 4730 1090 4796 veritatis
1123 4728 1152 4794 in
1188 4729 1325 4814 primam
1361 4726 1544 4799 ueritatem,
1578 4733 1616 4793 ut
1646 4726 1712 4815 ipsi

212 4843 297 4922 boo,
320 4847 373 4932 pul
397 4855 445 4914 cst
469 4846 659 4934 primipium
684 4855 715 4914 et
739 4845 824 4923 linis,
848 4845 944 4932 alplm
967 4850 998 4911 et
1020 4862 1150 4928 omega.
1177 4843 1337 4910 trllmatur
1361 4840 1446 4930 cprrrid
1467 4859 1562 4909 snrun
1585 4848 1646 4917 est,
1671 4844 1714 4911 od

212 4961 451 5044 glulncanlnn
477 4969 508 5029 cl
531 4961 791 5030 srucdlrcaurluru
816 4967 959 5027 sanctum
984 4978 1098 5027 numen
1123 4958 1201 5025 cius.

300 5222 309 5257 ¹
331 5223 396 5275 l'irlc
415 5238 493 5287 sulum
515 5238 574 5286 parag.
599 5220 680 5272 ll-lti.
