3870 6488
764 842 1042 889 nrssrurarro.
1608 822 1649 886 ab

153 968 404 1035 Conscntmemu
430 968 489 1034 lroc
512 975 559 1033 ost
582 973 714 1033 craturae
738 966 863 1032 arrirnae
896 965 1072 1045 humanae,
1098 964 1178 1032 inter
1202 964 1394 1032 substurtias
1418 964 1647 1034 intellectuales

153 1084 444 1172 irruunlectissimae
467 1091 498 1151 et
521 1082 770 1151 substantialiter
794 1102 869 1150 cum
892 1101 1025 1169 corporo
1049 1082 1172 1163 ruritae3
1198 1083 1281 1149 nudo
1305 1087 1336 1147 et
1359 1103 1378 1148 a
1401 1088 1486 1150 statu
1503 1083 1646 1170 imperte-

152 1208 204 1267 cto
228 1200 258 1267 iu
281 1200 406 1268 actibus
427 1200 494 1267 suis
518 1199 744 1287 progreditur,
767 1205 798 1266 et
821 1218 840 1265 a
862 1198 1038 1284 cognitione
1061 1199 1200 1267 sensibili
1226 1198 1344 1286 incipit,
1369 1206 1401 1267 et
1435 1217 1454 1266 a
1488 1218 1646 1267 conctusa

151 1316 410 1403 plnmtrsmaturn
436 1315 594 1403 dependet
616 1315 710 1383 etiarn
736 1315 766 1381 iu
789 1315 913 1382 actibus
938 1315 1038 1402 ipsius
1062 1315 1250 1383 intellectus.

240 1433 381 1500 Attamen
405 1432 486 1500 ratio
509 1432 650 1498 luamana
673 1450 736 1498 non
752 1430 955 1516 restringitur
982 1431 1023 1497 acl
1051 1431 1146 1498 istum
1174 1430 1483 1517 irnperleetissbnum
1514 1431 1645 1498 rrrrnlmu

151 1547 358 1633 cognoscendi
382 1548 483 1615 Donni
508 1548 540 1615 in
562 1547 676 1636 aliq-ao
699 1546 870 1613 rennuunt
903 1551 934 1614 et
968 1565 1031 1613 non
1054 1548 1116 1614 sub
1141 1547 1261 1615 rationo
1286 1548 1432 1634 propria3
1467 1548 1523 1615 secl
1559 1548 1647 1615 relle-

150 1664 263 1731 cteodo
278 1671 310 1731 et
332 1663 551 1731 concludendo
572 1662 762 1731 serraturis
789 1663 931 1731 ascendit
953 1662 1104 1730 etiamad
1122 1662 1222 1730 Deum
1239 1663 1385 1731 distincte
1401 1670 1433 1731 ct
1449 1665 1510 1730 sub
1526 1664 1646 1731 ratione

150 1778 278 1865 propria
301 1779 573 1865 cognoscendum,
596 1796 723 1865 semper
746 1784 851 1845 autem
877 1796 935 1864 pro
959 1777 1089 1845 modulo
1112 1796 1171 1845 suo
1192 1786 1225 1845 et
1252 1780 1428 1847 securrdum
1457 1779 1645 1865 analogiam.

238 1895 307 1983 lpse
329 1902 435 1963 autem
460 1895 542 1962 ordo
565 1895 682 1962 trientis
706 1896 737 1963 in
762 1902 866 1963 ruente
889 1895 1028 1964 existens
1051 1902 1082 1963 et
1105 1895 1209 1981 prima
1224 1895 1397 1982 principia,
1419 1896 1536 1983 quibus
1561 1897 1647 1966 iutel-

148 2012 249 2080 loctus
264 2018 414 2101 mnqaram
440 2010 559 2098 regulis
573 2011 766 2098 quibusdam
790 2010 1056 2079 incommutabilis
1080 2011 1221 2078 renititis
1237 2011 1397 2092 inhaeret,
1421 2011 1462 2080 acl
1478 2029 1645 2080 ascensum

148 2126 180 2195 in
205 2127 307 2194 mam
330 2134 519 2213 argumenta
535 2127 688 2214 praebent
713 2127 792 2194 mire
821 2126 960 2195 efficacia
983 2146 1042 2214 pro
1065 2126 1117 2205 lis,
1141 2126 1195 2213 qui
1220 2126 1298 2195 haec
1321 2126 1480 2213 sapienter
1510 2134 1646 2197 conmu-

147 2242 228 2330 plari
251 2242 442 2311 didicerunt.
465 2242 551 2310 Pleni
575 2250 650 2311 sunt
674 2241 746 2310 libri
769 2244 798 2310 S.
819 2242 983 2329 Augustini
1008 2241 1326 2329 contemplationibus
1349 2250 1380 2310 et
1402 2244 1646 2329 argumentatio

147 2359 241 2427 nibus
263 2357 306 2425 ab
326 2358 387 2426 boc
409 2358 522 2427 ordine
545 2357 639 2426 ideali
663 2358 785 2427 suintis.
811 2357 1022 2446 Metaplrysica
1046 2358 1123 2426 baec
1148 2357 1265 2427 veritas
1288 2357 1379 2444 quasi
1408 2358 1589 2427 immediato
1614 2360 1644 2425 in

146 2474 247 2542 Deum
271 2474 372 2555 ducit,
389 2480 426 2541 ut
442 2475 545 2561 imago
560 2473 592 2541 in
616 2492 712 2542 suum
725 2473 887 2560 originale,
903 2482 934 2543 et
950 2473 1167 2562 exernplatum
1191 2473 1222 2540 in
1239 2490 1334 2542 suurn
1357 2475 1533 2561 exeruplar.
1553 2476 1644 2543 Certe

146 2608 247 2670 urens,
270 2596 389 2659 attente
411 2590 452 2658 ad
484 2589 631 2677 proprios
661 2596 751 2657 actus
774 2606 850 2659 suos
876 2589 1086 2671 rellootendo,
1116 2588 1207 2657 tacite
1237 2590 1412 2675 cognoscit,
1443 2590 1643 2659 essentialem

143 2704 305 2792 quandam
329 2704 513 2774 relationem
537 2712 569 2774 et
591 2706 832 2793 dependentiam
858 2725 891 2775 se
922 2707 1040 2774 trabere
1069 2705 1109 2772 ad
1140 2704 1431 2774 incommutabilem
1459 2707 1642 2790 recitarem,

143 2840 228 2910 qrrae
248 2828 322 2891 ante
345 2822 446 2909 ipsam
469 2829 501 2891 et
523 2841 622 2910 supra
649 2823 750 2909 ipsam
774 2830 840 2904 est;
863 2823 945 2891 lianc
976 2823 1112 2910 primam
1138 2822 1303 2890 veritatem
1330 2822 1465 2909 supponi
1498 2822 1528 2889 in
1556 2825 1641 2891 omni

143 2957 203 3006 sua
224 2938 398 3007 assertione
432 2945 467 3006 ut
496 2938 616 3026 aliquid
641 2938 926 3026 praerequisitam,
950 2938 1116 3026 ipsamque
1147 2938 1177 3005 in
1212 2937 1297 3004 omni
1329 2945 1402 3005 actu
1438 2937 1640 3006 intellectuali

142 3072 213 3123 esse
235 3053 446 3142 irnplicatam3
477 3054 611 3122 eandem
635 3054 717 3122 lianc
740 3072 839 3141 supra
869 3073 903 3122 se
926 3053 1145 3142 splendentem
1180 3053 1344 3121 veritatem
1384 3052 1639 3140 distinguendam

142 3188 213 3239 csse
234 3177 303 3238 turn
326 3168 368 3237 ab
390 3168 501 3237 ordine
525 3188 634 3238 rerum
657 3177 751 3237 extra
774 3176 911 3238 urentem
936 3175 1083 3239 concreto
1105 3174 1136 3235 rt
1166 3168 1383 3254 contingente,
1408 3176 1475 3236 tum
1506 3168 1548 3235 ab
1572 3170 1641 3255 ipsa

143 3292 265 3366 urente,
291 3302 375 3372 quae
397 3284 456 3353 sibi
481 3285 591 3353 intime
613 3285 738 3355 conseia
761 3292 826 3366 est,
850 3286 1016 3354 veritatem
1041 3283 1128 3351 illam
1151 3282 1340 3351 obiectiraru
1364 3300 1434 3352 esse
1457 3303 1476 3351 a
1499 3302 1533 3352 se
1557 3284 1640 3353 inde·

140 3402 345 3487 penetrantem,
369 3400 428 3469 sibi
451 3401 704 3483 aritecedentem,
728 3420 786 3470 noo
809 3421 827 3468 a
852 3420 885 3469 se
908 3407 1011 3469 ortam
1039 3406 1071 3468 et
1094 3399 1282 3486 productam
1319 3398 1369 3466 rol
1400 3399 1637 3487 producendam

142 3515 237 3601 (sicut
267 3534 326 3585 nm
347 3514 461 3584 oculus
475 3515 649 3602 corporalis
673 3517 820 3603 producit
842 3516 964 3584 obiecta
980 3516 1060 3601 sua).
1078 3514 1230 3582 Dubitare
1247 3532 1308 3581 nou
1325 3521 1428 3602 potest
1442 3534 1519 3582 saum
1536 3534 1639 3599 ruens,

141 3650 260 3700 senon
283 3649 353 3700 esse
376 3631 435 3699 sibi
461 3632 605 3700 ultimam
629 3634 773 3721 regulam
797 3639 828 3701 et
852 3651 1035 3701 mensuram
1053 3631 1211 3711 recitatis,
1234 3630 1290 3697 sed
1313 3631 1419 3718 potius
1443 3649 1477 3699 se
1500 3631 1639 3717 liguriat

141 3748 320 3815 mensurari
347 3748 487 3835 quadam
510 3747 676 3835 superiore
711 3748 838 3835 regula,
863 3766 945 3835 qnae
969 3748 1074 3816 luceat
1096 3747 1214 3814 talibus
1237 3746 1484 3833 proprietatibus
1506 3749 1638 3816 materni-

140 3864 226 3946 tatis,
249 3865 444 3934 necessitatis
459 3874 491 3934 et
514 3865 757 3947 intillibilitatis,
774 3886 855 3953 quas
878 3866 966 3933 nuda
983 3865 1042 3934 sibi
1067 3869 1214 3933 creatura
1230 3863 1391 3932 rindiaare
1415 3863 1527 3949 possit3
1552 3865 1637 3933 uude

139 3980 264 4049 retundi
288 3980 425 4049 debeant
449 3981 479 4048 iu
503 3981 675 4049 increatam
695 3981 875 4050 Veritatem.
894 3982 973 4069 Ergo
997 3982 1030 4049 ld
1054 3986 1224 4067 conceptus
1251 3986 1283 4047 et
1305 3978 1435 4065 regulae
1459 3979 1637 4050 intellectus

134 4094 317 4182 perfectius
339 4098 371 4164 et
387 4095 613 4164 irnauedtotias
630 4098 754 4184 ingenio
771 4097 856 4166 culto
872 4105 903 4166 et
920 4097 1052 4187 sapienti
1070 4096 1269 4164 manifestant
1285 4096 1386 4164 Deum
1403 4116 1499 4184 qmun
1516 4105 1636 4167 cruatu-

138 4230 194 4283 rae
205 4213 396 4300 corporales,
410 4213 482 4281 lieet
493 4214 588 4282 etiam
603 4215 688 4302 ipsae
701 4216 763 4283 sint
778 4216 901 4303 primae
918 4216 1084 4303 potentiae.
1098 4214 1270 4303 sapientiae
1281 4221 1312 4281 et
1326 4213 1472 4282 inuitatis
1486 4215 1634 4303 restinta,

137 4346 221 4415 quae
243 4329 338 4397 etiarn
355 4329 428 4396 rudi
451 4336 483 4397 et
506 4329 625 4399 inculto
642 4331 812 4399 intellectui
830 4332 931 4400 Deum
955 4350 1025 4399 esse
1048 4332 1276 4399 demonstrant.
1302 4325 1489 4415 Propertius
1505 4330 1634 4417 quidem

138 4444 199 4513 ista
220 4444 321 4512 Deum
345 4444 563 4527 manifestant,
586 4447 661 4533 quia
685 4447 924 4529 universalitas,
948 4448 1135 4528 aeternitas,
1160 4445 1475 4525 incommutabilitas,
1493 4445 1635 4515 irrtallibi-

137 4558 210 4627 litas
231 4558 384 4628 attributa
406 4567 495 4643 suut,
518 4580 600 4649 oriae
624 4562 654 4628 in
680 4562 747 4630 solo
771 4563 836 4631 Deo
861 4565 988 4632 realiter
1011 4572 1042 4632 et
1066 4564 1159 4632 modo
1181 4563 1302 4629 iullnito
1325 4562 1458 4629 irueniri
1487 4573 1634 4649 possuut;

136 4672 363 4743 irnrnertiotr‘as
385 4682 511 4758 aubin,
535 4677 610 4766 quia
632 4677 853 4768 ontobpa'cum
878 4679 967 4761 illud,
991 4680 1077 4767 quod
1094 4680 1124 4747 iu
1141 4678 1210 4747 istis
1225 4678 1429 4766 conceptibus
1446 4680 1542 4746 irrorati
1558 4680 1633 4749 obii·

135 4791 229 4873 citur,
241 4790 302 4859 sub
318 4790 377 4858 bac
393 4791 496 4859 torma
512 4793 769 4875 universalitatis,
784 4795 978 4865 necessitatis
994 4803 1052 4865 etc.
1070 4815 1131 4863 non
1147 4795 1259 4862 errarit
1270 4794 1422 4862 obtectioe
1433 4796 1491 4863 uisi
1509 4796 1541 4864 in
1558 4797 1631 4865 Deo.

226 4906 264 4975 Ut
297 4905 394 4992 igitur
429 4908 574 4988 ceratas,
608 4906 834 4995 iratrrltibilitas
868 4920 900 4980 ot
933 4911 1089 4979 nobilitas
1123 4911 1282 4979 bumanao
1313 4912 1515 4997 cognitionis,
1550 4933 1632 4999 quae

132 5020 261 5090 clirinae
283 5022 365 5091 lueis
387 5028 435 5090 est
457 5024 547 5109 qrrasi
571 5024 702 5110 quidam
720 5026 847 5108 radius,
871 5036 1023 5114 appareat
1045 5028 1078 5095 iu
1094 5047 1151 5096 sua
1177 5026 1355 5113 integritate
1371 5035 1404 5095 et
1424 5029 1632 5115 perfectione,

132 5156 197 5204 non
219 5136 309 5207 dccet
331 5155 401 5205 earn
425 5156 574 5225 separare
596 5159 616 5207 a
639 5160 699 5209 suo
719 5139 827 5229 sorte,
845 5144 900 5212 sed
925 5145 1030 5231 potius
1053 5150 1176 5231 oportet
1199 5162 1269 5211 earn
1287 5144 1441 5213 reducere
1464 5146 1511 5236 ad
1529 5145 1630 5214 Deum

133 5253 245 5320 rivum
267 5260 299 5321 ot
322 5272 450 5335 rerum,
474 5255 529 5342 qui
545 5262 594 5324 est
614 5282 629 5317 «
642 5275 751 5325 rerum
776 5270 958 5328 creatarum
980 5261 1119 5341 etiector,
1142 5267 1174 5328 et
1196 5259 1305 5327 tarmen
1328 5262 1630 5347 eognosccmlarum,

131 5377 166 5437 et
189 5366 307 5436 bonurn
330 5371 578 5457 agendarum,
602 5380 638 5441 ut
661 5375 737 5443 dicit
759 5378 788 5442 S.
813 5377 1017 5464 Augustinus·
1031 5376 1123 5463 (Vlll.
1148 5378 1188 5446 de
1211 5376 1300 5446 Cirit.
1325 5378 1379 5446 Dei
1404 5398 1431 5447 c.
1456 5379 1498 5463 ‘tl
1515 5379 1535 5443 ¹.

224 5618 233 5653 ¹
254 5619 279 5672 ln
299 5622 350 5673 boe
367 5634 444 5674 sensu
464 5621 643 5688 approbamus
661 5624 743 5677 multa
763 5624 895 5693 leibnitii,
914 5628 1017 5681 lucidata
1037 5644 1051 5680 a
1071 5629 1102 5680 cl.
1122 5628 1148 5681 P.
1168 5628 1258 5694 Lepidi
1285 5628 1412 5689 (Examen
1438 5629 1628 5695 plrilosoptrico·

131 5718 309 5784 theologicum
328 5718 362 5771 dc
380 5716 559 5786 Ontologismo
578 5735 604 5787 p.
624 5723 711 5789 tlbl:
732 5724 774 5775 all
795 5726 847 5791 n'y
866 5740 880 5777 a
900 5741 1001 5780 arrcuue
1020 5725 1145 5780 rrecmslte
1165 5726 1198 5779 do
1217 5724 1331 5791 prendre
1349 5741 1415 5779 arec
1434 5728 1457 5780 lo
1485 5725 1547 5781 l'ire
1570 5728 1627 5781 blal-
