3870 6488
222 350 287 427 iao
801 366 953 433 ooaasrro
975 362 1149 425 auctuum

221 500 324 581 enim,
348 495 434 587 quod
458 515 571 567 sensus
594 494 682 567 uidet
704 497 858 578 nitorem,
882 497 937 586 qui
962 516 1059 567 verus
1081 504 1146 580 θεῖ,
1180 516 1244 566 non
1272 503 1379 567 umen
1407 493 1469 567 sub
1497 492 1636 593 ratione,
1658 509 1725 587 qua

222 634 318 683 rerus
341 623 403 697 est3
426 616 614 703 experimur
636 615 742 695 ctiam,
766 614 853 702 quod
876 614 1055 683 intellectus
1074 613 1231 683 abstrahit
1247 615 1451 683 intentionem
1467 615 1551 683 eritis
1566 615 1608 681 ab
1624 616 1725 683 inten-

221 733 305 800 tione
327 732 479 799 ueritatis
503 732 533 800 in
559 732 763 818 intelligendo
786 749 843 799 ens
866 730 1013 800 absoluto
1036 731 1140 799 modo.
1165 731 1245 800 llaec
1278 732 1319 799 ad
1351 730 1598 800 declarationem
1626 731 1723 818 primi

221 848 345 916 articuli
370 849 454 917 dic-ta
477 847 548 916 sint.

752 1082 958 1151 aurientes
980 1082 1181 1152 SECUNDUS.

312 1315 493 1383 Secundum
517 1315 689 1384 articulum
713 1314 841 1383 declaro
864 1315 918 1383 sic.
942 1314 1024 1384 illud
1047 1315 1133 1403 quod
1156 1316 1345 1384 naturaliter
1369 1316 1590 1402 cognoscitur,
1614 1315 1646 1383 iu
1678 1313 1725 1381 ln·

221 1430 305 1497 mine
328 1432 463 1498 naturali
487 1431 702 1517 cognoscitur3
726 1430 781 1498 sed
805 1430 945 1518 aliquid,
968 1431 1055 1519 quod
1078 1437 1126 1499 est
1149 1450 1262 1499 rerum
1286 1439 1440 1513 creatum,
1463 1431 1505 1500 ab
1528 1432 1646 1519 lngelo
1670 1431 1722 1499 rel

220 1546 348 1614 tramine
371 1547 559 1614 naturaliter
583 1545 726 1632 cognosci
751 1553 854 1632 potest
876 1546 1053 1614 secundum
1077 1545 1217 1633 aliquem
1248 1546 1413 1634 gradum¹
1437 1546 1585 1615 intimum
1617 1546 1723 1633 cogni-

220 1662 327 1730 tionis:
352 1681 428 1749 ergo
451 1662 583 1750 aliquid,
605 1662 690 1749 quod
715 1667 763 1730 est
786 1680 900 1730 rerum
923 1669 1081 1743 creatum,
1098 1662 1138 1730 ab
1155 1661 1316 1731 intellectu
1339 1663 1482 1751 angelico
1503 1663 1553 1731 rel
1577 1663 1723 1731 humano

219 1777 251 1844 in
274 1778 382 1864 aliquo
404 1778 541 1845 naturali
566 1777 686 1845 lumine
710 1777 854 1863 cognosci
879 1784 998 1865 potest,
1021 1777 1169 1865 quamvis
1192 1778 1370 1846 seeundum
1405 1778 1545 1865 aliquem
1582 1777 1724 1864 gradum

218 1892 364 1959 intimum
388 1893 582 1979 cognitionis.
600 1931 644 1941 -
659 1892 769 1959 dicator
792 1901 895 1980 potest
918 1894 963 1962 sio
986 1892 1159 1961 declarari:
1184 1893 1332 1981 cognitio,
1357 1913 1440 1982 quae
1470 1901 1520 1962 est
1541 1893 1574 1961 in
1598 1893 1723 1961 lumine

216 2010 464 2096 supernaturali,
489 2028 550 2077 uon
579 2016 628 2077 θεῖ
650 2009 820 2077 naturalis:
845 2028 922 2096 ergo
945 2009 971 2078 si
996 2016 1045 2077 est
1067 2008 1237 2091 naturalis,
1261 2028 1324 2078 non
1340 2017 1389 2078 est
1405 2011 1436 2078 iu
1464 2010 1586 2079 lumine
1609 2028 1724 2097 snper·

217 2125 370 2206 naturali,
396 2125 426 2191 in
444 2132 599 2213 quantum
623 2125 867 2211 supernaturale
889 2132 946 2193 θεῖ.
971 2124 1032 2192 Sed
1056 2125 1082 2193 si
1106 2143 1168 2193 non
1192 2134 1241 2193 est
1256 2125 1288 2193 in
1313 2125 1433 2194 lumino
1458 2124 1723 2214 supernaturali,

217 2240 319 2307 estin
344 2241 463 2308 lumine
486 2241 646 2321 naturali,
669 2241 745 2329 quia
775 2242 879 2310 omnis
910 2240 1046 2328 cognitio
1081 2241 1112 2309 in
1136 2241 1244 2328 aliquo
1279 2242 1400 2311 lumine
1423 2249 1490 2311 est:
1516 2260 1593 2329 ergo
1622 2260 1723 2312 omne

217 2356 302 2444 quod
327 2356 514 2423 naturaliter
539 2357 748 2443 cognoscitur,
773 2357 804 2423 in
839 2356 946 2444 aliquo
969 2356 1107 2425 naturali
1143 2356 1264 2426 lumine
1298 2359 1508 2445 cognoscitur.
1544 2358 1625 2427 llaec
1660 2357 1725 2426 luit

216 2471 328 2538 ararim·
359 2472 541 2559 principalis
566 2472 704 2539 rectionis.
729 2509 773 2519 —
796 2472 906 2539 dlirror
929 2472 1025 2539 etiam
1060 2472 1245 2560 principalis
1276 2474 1407 2542 rationis
1435 2474 1618 2544 declaratur
1650 2473 1721 2543 sic:

216 2586 291 2672 quia
314 2586 434 2674 aliquid
459 2587 646 2656 naturaliter
669 2595 772 2675 potest
795 2588 940 2674 cognosci
964 2606 984 2655 a
1008 2605 1122 2668 sensu,
1146 2595 1177 2656 et
1199 2587 1321 2676 aliquid
1344 2589 1533 2657 naturaliter
1548 2596 1656 2676 potest
1672 2590 1724 2657 di·

216 2702 268 2787 ligi
293 2721 312 2769 a
335 2702 507 2770 voluntate.
533 2702 619 2771 Unde
642 2703 857 2771 Damasconus
880 2703 912 2769 in
936 2703 1019 2770 libro
1043 2704 1157 2783 tertio,
1180 2704 1321 2790 capitulo
1352 2704 1593 2773 decimotertio²
1618 2704 1723 2787 dicit,

214 2817 298 2903 quod
323 2817 468 2885 naturale
491 2826 540 2885 θεῖ
563 2818 658 2886 velle:
684 2835 762 2904 ergo
784 2837 803 2886 a
826 2818 921 2885 simili
946 2817 1067 2906 aliquid
1090 2825 1194 2905 potest
1217 2818 1405 2887 naturaliter
1428 2819 1574 2906 cognosci
1597 2818 1642 2887 ab
1673 2820 1724 2887 in

215 2933 352 3001 tellecta.
377 2932 549 3000 Probatur
581 2933 703 3002 etiam³
726 2951 783 3020 per
817 2932 935 3001 tamam
959 2951 1176 3015 communem,
1199 2951 1281 3021 quae
1305 2934 1471 3022 distinguit
1504 2934 1722 3021 cognitionem

216 3048 395 3116 intellectus
419 3048 450 3115 in
475 3049 652 3117 naturalem
677 3056 709 3117 et
732 3049 1027 3136 supernaturalem,
1051 3050 1134 3118 sieut
1163 3049 1364 3119 dilectionem
1399 3051 1570 3119 uoluntatis
1604 3051 1636 3118 iu
1665 3070 1724 3119 na·

155 3178 163 3191 ·
215 3164 352 3233 turatem
376 3172 408 3232 ct
428 3165 714 3251 supernaturalem.
741 3165 819 3233 [licit
842 3164 937 3233 etiam
961 3166 1176 3234 Damascenus
1194 3165 1275 3233 libro
1290 3167 1417 3253 primo,
1433 3166 1573 3255 capitulo
1587 3166 1722 3254 primo,

214 3280 300 3367 quod
322 3280 471 3348 oruriibus
493 3280 629 3367 cognitio
651 3280 807 3348 existendi
832 3281 934 3348 Deum
957 3281 998 3349 ab
1011 3280 1080 3368 ipso
1095 3281 1284 3350 naturaliter
1298 3290 1347 3351 θεῖ
1362 3283 1538 3369 impressa;
1561 3282 1724 3352 ctGlossa

215 3396 256 3463 ad
282 3397 437 3464 Romanos
460 3397 624 3465 εθθιιιιῖῖο4
647 3397 735 3484 ponit
759 3397 861 3484 legem
884 3397 1081 3473 naturalem,
1105 3415 1201 3485 quam
1226 3397 1303 3466 dicit
1326 3399 1478 3486 scriptam
1503 3399 1534 3467 in
1563 3398 1723 3468 cordibus

216 3512 394 3591 hominnm,
411 3520 442 3581 θῖ
460 3514 490 3580 in
507 3512 796 3581 tristitutiorribaa⁸
813 3513 940 3595 dicitur,
956 3513 1041 3601 quod
1058 3514 1109 3581 ius
1126 3513 1271 3581 naturale
1288 3520 1345 3596 θεῖ,
1362 3515 1448 3601 quod
1465 3514 1545 3582 ratio
1560 3515 1725 3585 naturalis

214 3626 296 3696 inter
318 3629 463 3697 homines
489 3629 658 3697 constituit.
685 3630 720 3696 Εῖ
742 3629 788 3697 sio
811 3630 966 3716 complete
989 3629 1123 3716 probata
1145 3636 1194 3697 est
1216 3629 1328 3696 naiuor
1351 3630 1536 3716 principalis
1560 3630 1709 3700 rationis.

304 3744 457 3811 Secu-uda
480 3744 569 3811 cotto
588 3744 816 3832 principatis⁶
840 3744 881 3812 ad
912 3744 1088 3813 seorrndum
1115 3744 1287 3812 articulum
1310 3752 1359 3813 θεῖ
1382 3744 1601 3814 haecomnia
1625 3754 1723 3815 natu·

216 3860 292 3926 ralis
316 3862 454 3946 potentia
477 3868 580 3947 potest
604 3861 635 3929 iu
659 3860 799 3948 aliquam
823 3860 1038 3947 operationem
1063 3860 1241 3928 naturalem
1259 3860 1318 3928 sibi
1335 3860 1490 3942 debitam,
1506 3862 1538 3928 in
1556 3869 1723 3950 quantum

214 3985 262 4043 est
285 3977 356 4044 talis
380 3977 534 4063 putentia:
567 3983 697 4063 ergoet
728 3976 908 4045 intellectus
930 3982 1034 4063 potest
1064 3976 1096 4043 in
1118 3975 1260 4064 aliquam
1290 3976 1506 4063 operationem
1534 3978 1723 4049 naturalem

214 4092 274 4159 sibi
299 4091 457 4173 debitam,
482 4093 692 4180 inquantum
723 4099 772 4161 est
794 4093 933 4180 potentia
959 4091 1160 4160 intellectiva.
1185 4092 1272 4160 Unde
1294 4092 1509 4161 Damascenus
1532 4092 1610 4161 dicit
1633 4094 1724 4165 libro

215 4209 371 4290 secundo,
394 4208 533 4295 capitulo
556 4209 708 4296 vigesimo
723 4208 900 4291 secuudo'‚
923 4209 1008 4296 quod
1033 4207 1227 4296 impossibile
1249 4214 1311 4290 est,
1335 4208 1544 4277 substantiam
1566 4225 1641 4278 esso
1664 4228 1724 4279 ex·

303 4494 311 4529 ¹
332 4495 352 4548 a
372 4493 491 4549 modum.

302 4593 313 4629 ²
332 4593 370 4646 Do
390 4593 452 4647 Fide
470 4591 632 4661 orthodoxa,
651 4592 699 4648 loe.
718 4593 779 4648 elt:
802 4590 873 4649 Velle
891 4592 1021 4663 siquidem
1041 4598 1149 4648 natutae
1166 4599 1217 4661 est,
1237 4597 1267 4647 ut
1284 4598 1310 4647 et
1326 4588 1424 4649 uidae.

304 4691 316 4727 ³
335 4694 357 4744 Α
376 4694 470 4747 omittit
486 4691 575 4747 etium.
1190 4690 1202 4728 ⁴
1221 4691 1312 4747 Glossa
1330 4692 1439 4746 interlin.
1458 4689 1495 4745 tbt
1513 4703 1540 4745 v.
1561 4688 1603 4745 ⁴5.

301 4790 432 4858 ¹⁵Nempe
451 4791 598 4858 iustiniani,
617 4791 635 4845 l.
653 4805 676 4846 e.
696 4791 720 4845 2.

299 4888 311 4925 ⁶
330 4890 400 4945 llaec
412 4889 493 4945 rerba
512 4890 609 4944 dosunt
626 4890 651 4943 ln
670 4892 691 4943 Α
703 4907 709 4957 ;
722 4890 790 4945 sicut
810 4891 889 4943 ettam
910 4890 975 4945 lutra
994 4887 1076 4944 verba
1094 4903 1159 4961 erqo
1177 4892 1203 4946 θῖ
1220 4886 1369 4946 abacta
1387 4886 1523 4958 usquead
1541 4886 1720 4947 ι’θιῖθῖὶιθῖίιῖι

299 4989 311 5026 ⁷
329 4990 367 5044 De
385 4990 447 5044 flde
465 4990 618 5044 orthodoxa.
636 4990 663 5042 ln
682 4991 770 5055 primo
788 4989 846 5043 loco
864 4990 916 5043 ait:
939 4989 1113 5044 «Substantla
1130 4992 1201 5043 onim
1219 4996 1245 5054 et
1263 5003 1322 5043 osse
1333 4996 1359 5042 et
1372 4990 1462 5043 rivere
1474 4991 1500 5041 et
1512 4992 1601 5041 mento
1613 4990 1720 5053 matter

215 5102 245 5143 :c
263 5102 341 5143 sensu
360 5090 462 5141 moveri
480 5088 578 5154 oppetit
591 5107 615 5141 ι.
635 5088 661 5140 tn
681 5084 815 5141 secundo:
839 5087 926 5140 «Sine
944 5088 1096 5153 operatione
1115 5092 1223 5141 naturae
1241 5093 1426 5152 consentanea,
1446 5098 1495 5137 neo
1511 5097 1571 5137 esse
1595 5099 1649 5139 nee
1676 5100 1721 5141 ou·

212 5189 302 5257 gnosei
322 5188 372 5241 utta
392 5194 484 5241 uatrrra
503 5190 595 5252 potest.
614 5186 650 5238 Ea
669 5200 701 5238 oo
720 5188 810 5255 enlm,
829 5185 903 5255 quod
921 5186 1021 5255 ailquid
1038 5188 1108 5255 ugit,
1128 5194 1235 5241 naturae
1254 5198 1318 5239 suae
1335 5187 1521 5252 argumentum
1539 5181 1607 5251 edit,
1627 5182 1666 5239 ub
1685 5199 1720 5239 eo

210 5288 284 5362 quod
301 5292 341 5341 est
358 5286 465 5340 mlutmo
484 5284 668 5338 desciscens».
