3870 6488
651 816 700 868 ra.
724 816 873 867 arcannm
896 816 917 867 a
940 812 1141 867 nenrnrrtna.
1577 794 1642 865 aad

148 940 402 1011 conformitatem
426 942 467 1011 ad
484 958 580 1010 suurn
597 941 774 1030 exemplar,
790 942 877 1030 qnod
893 941 988 1012 habet
1004 941 1035 1011 in
1052 940 1222 1023 intellectu,
1238 961 1257 1010 a
1272 960 1337 1029 quo
1351 938 1516 1028 dependet,
1533 939 1563 1007 in
1580 959 1644 1027 prro

148 1058 244 1128 dedet
265 1058 447 1146 commater,
464 1059 550 1146 quod
572 1056 702 1145 salerno
723 1078 792 1125 ecre
812 1078 880 1126 non
899 1066 1016 1145 pateat·
1039 1064 1070 1126 et
1092 1059 1167 1146 paria
1190 1064 1338 1127 creatura
1361 1076 1423 1125 non
1440 1062 1644 1143 comparatur

146 1176 187 1241 ad
210 1176 349 1262 aliquem
374 1176 569 1244 intellectum
594 1175 655 1243 sub
679 1175 747 1243 istis
770 1175 1002 1244 conditionibus
1026 1175 1086 1243 nisi
1108 1175 1148 1243 ad
1174 1174 1368 1242 intellectum
1393 1172 1554 1240 divinum:
1572 1172 1644 1239 ideo

147 1292 264 1359 veritas
286 1300 453 1360 creaturae
475 1291 671 1379 simpliciter
693 1311 755 1360 non
779 1292 978 1359 attenditnr¹
1003 1292 1063 1359 nisi
1087 1291 1264 1360 secundnm
1288 1289 1539 1359 conformitatem
1560 1306 1644 1356 crea-

146 1414 238 1477 turae
260 1408 361 1496 ipsins
383 1409 423 1476 ad
447 1427 542 1476 suum
566 1408 741 1497 exemplar,
764 1408 851 1496 qnod
876 1408 971 1476 lrabct
994 1408 1026 1475 in
1050 1408 1158 1476 divino
1182 1407 1354 1476 intellectu.
1378 1407 1501 1476 Veritas
1524 1412 1643 1485 antem,

146 1543 229 1612 qrrae
254 1525 428 1592 attenditur
452 1524 482 1592 in
506 1531 653 1593 creatura
676 1525 859 1591 sectandam
883 1523 975 1613 pald,
999 1530 1102 1610 potest
1125 1524 1243 1591 attendi
1268 1523 1300 1590 in
1323 1540 1361 1591 ea
1385 1522 1561 1591 secundum
1593 1521 1641 1587 sni

145 1641 396 1708 cordorrnitatem
419 1640 459 1709 ad
483 1641 661 1728 exemplar,
684 1641 770 1727 qarod
794 1641 890 1709 nanee
906 1641 938 1708 in
961 1641 1121 1708 intellecto
1146 1646 1262 1721 creato,
1279 1659 1298 1707 a
1314 1658 1378 1727 quo
1394 1658 1456 1705 non
1474 1637 1642 1725 dependet.

147 1755 318 1841 lrrpnimur
343 1755 427 1823 enirn
453 1756 504 1823 liic
527 1756 567 1823 de
590 1755 740 1837 veritate,
774 1774 855 1843 quae
886 1764 934 1824 est
958 1757 988 1822 in
1022 1774 1058 1824 re
1086 1755 1242 1833 naturali;
1273 1763 1304 1824 et
1334 1754 1510 1823 secundnm
1547 1754 1642 1821 istum

146 1871 277 1937 modum
302 1871 457 1952 dicimus,
480 1878 660 1939 creaturam
685 1889 754 1939 esse
778 1890 905 1952 reram,
930 1870 991 1939 ut*
1016 1870 1153 1958 lapidem
1177 1890 1308 1953 rernm,
1345 1872 1374 1938 in
1407 1876 1564 1956 quarrlum
1596 1877 1645 1937 est

31 2036 34 2043 .
145 1987 315 2054 conformis
338 1986 510 2055 intellectui
533 1995 640 2055 creato
665 2006 758 2068 vero,
775 1987 913 2075 eoquod
938 1988 1149 2074 apprehendit
1172 1987 1381 2074 qniddimtcm
1407 1986 1535 2073 lapidis,
1563 1985 1645 2053 sicut

145 2108 202 2169 est
226 2102 306 2169 Curn
329 2120 415 2187 ergo,
438 2103 520 2170 siout
543 2103 714 2190 probatum
738 2110 850 2171 estex
875 2102 1075 2190 praecedenti
1111 2103 1263 2183 articulo,
1294 2092 1432 2188 ,fragellas
1462 2101 1512 2168 rel
1550 2102 1644 2168 liorno

146 2219 246 2304 possit
269 2219 444 2305 intelligere
468 2218 612 2306 lapidem
634 2220 741 2307 aliquo
772 2220 867 2288 modo
902 2220 933 2287 in
958 2219 1079 2288 lumine
1113 2220 1250 2288 naturali
1275 2227 1373 2286 -et
1402 2237 1461 2305 prro
1496 2218 1645 2304 exemplo

144 2335 281 2402 aliarum
307 2342 528 2403 creaturarum
553 2354 635 2423 pono
652 2336 704 2404 iric
727 2336 866 2422 lapidem
883 2374 926 2385 —
943 2336 1017 2404 itern
1032 2335 1207 2421 inlelligere
1216 2342 1319 2423 potest
1330 2344 1533 2421 conception,
1547 2352 1645 2421 quem

144 2450 260 2518 forant
282 2451 323 2520 de
347 2451 461 2538 lapide,
483 2451 538 2539 qui
563 2459 734 2536 oonceptus
757 2458 806 2520 est
828 2452 990 2540 qaroddam
1019 2451 1185 2538 exernplar
1210 2451 1323 2538 lapidis
1357 2451 1575 2531 elaboraturam
1613 2458 1645 2518 et

143 2566 277 2651 cognitis
299 2566 468 2646 extremis,
492 2573 595 2653 potest
618 2567 763 2651 dignosci
787 2564 1009 2653 corasernar'tee
1031 2567 1113 2634 inter
1137 2574 1295 2634 extrema:
1328 2567 1476 2646 ridetur,
1501 2566 1587 2653 qrrrrd
1613 2567 1643 2633 in

145 2682 264 2751 lumine
288 2682 423 2750 naturali
448 2690 550 2770 potest
574 2682 750 2768 intelligere
773 2682 1024 2751 conformitatem
1041 2683 1176 2751 alicuius
1189 2690 1354 2751 creaturae
1369 2683 1410 2750 ad
1427 2700 1521 2749 strum
1539 2701 1645 2749 exem-

145 2796 216 2883 piar
237 2798 459 2879 elaboratum,
483 2798 568 2885 qrrnd
593 2798 689 2866 habet
712 2799 742 2865 in
767 2798 947 2880 intellectu,¹
971 2817 991 2866 a
1013 2818 1076 2885 quo
1100 2818 1162 2865 non
1186 2798 1352 2885 dependet.
1377 2799 1457 2866 Cum
1488 2816 1565 2884 ergo
1600 2818 1646 2865 so·

144 2912 288 2979 eundum
313 2913 399 2979 illam
423 2914 674 2981 onrrformitatem
697 2914 880 2982 attendatur
904 2914 935 2980 in
960 2920 1107 2982 creatura
1130 2913 1268 2981 naturali
1301 2913 1426 2980 veritae
1460 2913 1645 2980 cecrrndma

148 3028 250 3115 perid,
274 3030 428 3115 seqnitur,
453 3028 687 3115 qrrnddngelus
711 3029 760 3097 vel
785 3030 881 3096 lromo
903 3029 935 3096 in
960 3029 1080 3096 lunrine
1104 3030 1240 3096 naturali
1265 3035 1368 3116 potest
1392 3030 1567 3115 intelligere
1592 3030 1646 3096 ali-

146 3142 235 3228 cpuod
260 3162 372 3211 verum
388 3151 530 3213 creatum
547 3145 608 3213 sub
625 3145 834 3232 rationeque
851 3163 974 3225 verum,
991 3144 1149 3232 loquendo
1165 3145 1205 3213 de
1222 3164 1280 3213 sua
1301 3146 1436 3213 veritate
1458 3145 1645 3212 reenrrdem

145 3258 237 3345 qnid.
265 3259 299 3326 Et
323 3258 449 3327 locutus
469 3278 541 3327 surn
565 3261 642 3328 lrie⁸
665 3261 704 3328 de
728 3268 875 3328 creatura
899 3261 1056 3341 naturali,
1080 3261 1212 3349 quiade
1235 3279 1270 3329 re
1293 3269 1400 3329 creata
1415 3261 1591 3329 artificiali.
1610 3261 1643 3327 in

145 3383 304 3460 qrranlum
328 3382 376 3442 est
398 3377 589 3459 artificialis,
613 3385 697 3445 esset
719 3377 890 3445 dicendum
915 3377 1016 3458 aliter,
1040 3395 1077 3445 eo
1101 3377 1206 3465 qrrnd,
1231 3377 1261 3444 in
1286 3385 1439 3464 qrratntrnn
1465 3385 1513 3445 est
1547 3377 1644 3444 artifi-

78 3548 91 3561 .
144 3489 255 3570 ciniis,
272 3490 385 3579 adipem
408 3492 504 3559 orode
528 3493 685 3579 dependet
707 3493 748 3559 alr
770 3492 933 3561 intellectu
954 3492 1086 3561 artificis
1109 3493 1224 3571 ereati;
1248 3500 1280 3561 et
1303 3493 1374 3561 ideo
1397 3512 1458 3559 rron
1483 3492 1526 3560 ita
1549 3500 1647 3559 atlon-

144 3603 233 3671 ditur
257 3606 293 3671 ia
314 3626 354 3673 ea
377 3608 495 3675 veritas
516 3607 700 3674 recrtadma
722 3607 819 3697 perid,
844 3607 1022 3675 secundum
1045 3608 1095 3674 sui
1119 3608 1371 3675 conformitatem
1397 3609 1437 3675 ad
1466 3607 1645 3694 exernplar‚

146 3722 231 3806 qnod
259 3723 355 3791 lralret
372 3724 401 3790 in
419 3723 580 3792 intellectu
604 3724 734 3792 artificis
757 3724 865 3805 creati,
889 3725 970 3791 sieut
988 3724 1018 3791 in
1040 3733 1201 3791 creatora
1223 3723 1379 3792 natarali
1402 3724 1577 3792 secundum
1596 3725 1646 3790 sni

147 3839 398 3907 conformitatem
421 3841 462 3908 ad
485 3840 662 3927 exemplar,
685 3840 771 3927 quod
806 3840 903 3908 habet
926 3841 957 3907 in
993 3840 1154 3909 intellectu
1182 3847 1296 3908 creato.
1332 3840 1413 3926 eria
1445 3848 1549 3908 tamen
1583 3858 1644 3905 non

147 3951 306 4039 dependet
327 3956 368 4022 ab
392 3956 552 4024 intellecta
575 3956 705 4024 artificis
728 3956 824 4024 creati
845 3955 1092 4042 principaliter,
1115 3957 1191 4042 quia
1214 3956 1330 4023 artifex
1354 3964 1482 4023 creatus
1506 3974 1568 4023 non
1593 3974 1646 4042 po

150 4070 235 4137 test⁴
260 4071 345 4138 illam
370 4073 497 4159 operari
521 4072 579 4139 nisi
604 4073 635 4139 in
660 4073 777 4140 virtute
800 4072 935 4141 drlifreis
961 4073 1108 4153 increati3
1132 4073 1225 4150 iton,
1249 4072 1325 4159 qrria
1348 4072 1529 4158 exemplar,
1555 4071 1641 4157 (pund

149 4183 246 4253 nalnt
270 4186 300 4253 in
323 4186 482 4255 intellectu
507 4187 638 4257 artificis
662 4188 769 4268 creati,
785 4197 891 4274 pamel
913 4206 983 4255 esse
1006 4187 1141 4267 falsarum
1164 4195 1195 4256 et
1219 4187 1351 4265 iterant,
1369 4186 1409 4253 alr
1428 4188 1503 4274 cpda
1519 4187 1645 4255 drtilire

149 4301 288 4371 increato
311 4302 379 4371 fieri
404 4310 511 4390 posset
534 4304 603 4390 ipsa
626 4312 774 4371 creatura
795 4304 962 4371 artificiale
985 4304 1052 4372 sine
1075 4304 1258 4390 operatione
1280 4303 1412 4371 artificis
1427 4304 1544 4371 creati:
1570 4302 1643 4370 ideo

148 4435 209 4483 nnn
233 4425 282 4485 est
305 4417 492 4498 dicendum
516 4418 602 4505 qurrd
625 4419 721 4485 etiarn
746 4418 777 4485 in
802 4438 837 4487 re
860 4419 1015 4487 artificiali
1039 4419 1101 4485 sul)
1125 4420 1263 4499 ratione,
1295 4439 1359 4506 qua
1381 4419 1555 4486 artificialis
1578 4425 1646 4501 est,

149 4534 333 4601 atterdalur
355 4535 480 4601 ver-intr
502 4534 697 4621 eirrrplieiter
721 4534 752 4602 in
776 4535 825 4601 sni
850 4535 1068 4601 coriforrnitate
1091 4535 1131 4602 ad
1155 4534 1344 4622 exemplar,
1368 4535 1454 4620 qnod
1490 4535 1586 4603 harbel
1609 4536 1641 4602 in

149 4648 308 4717 intellectu
330 4651 461 4718 artificis
484 4652 599 4732 creati,
623 4652 678 4719 sed
715 4651 819 4718 insui
854 4652 1072 4718 corriorrnitate
1106 4652 1147 4719 ad
1171 4652 1347 4737 exemplar,
1371 4652 1458 4738 ‹prrod
1484 4652 1579 4720 lralrct
1611 4652 1641 4718 in

149 4766 309 4834 intellectu
331 4767 465 4834 ,lrliliris
501 4767 640 4834 increati.
678 4768 710 4834 Et
747 4785 820 4835 cttllll
856 4768 969 4854 loquor
994 4767 1065 4833 lriol
1094 4767 1133 4834 de
1165 4768 1298 4835 veritate
1329 4775 1495 4835 creaturae
1526 4767 1644 4853 sirrrpli-

148 4882 243 4963 riter,
267 4903 328 4951 nrrn
353 4904 429 4951 roco
454 4885 505 4952 lile
529 4885 694 4951 veritatem
719 4885 904 4971 simpliciter
923 4905 1052 4971 petrem
1077 4885 1258 4963 perdocent,
1283 4884 1358 4972 cpda
1381 4885 1425 4952 sie
1443 4891 1570 4953 nonest
1592 4904 1644 4971 pn

148 5018 224 5067 nere
246 5001 420 5067 ‘ctoritate-m
441 5000 637 5087 eiroplieiter
661 5000 720 5068 nisi
745 5000 775 5067 in
800 4998 867 5069 sole
889 5001 962 5069 Deo.
989 5000 1076 5068 Unde
1099 5001 1255 5068 avicenna
1279 5000 1383 5087 primo
1415 5000 1646 5086 llelapln'sieae

237 5232 245 5266 ¹
266 5234 286 5285 d
306 5234 398 5285 orniltil
420 5232 501 5284 rerba
521 5230 574 5285 ariri
591 5231 740 5287 secondom
759 5247 843 5299 iisqne
862 5232 896 5283 ad
914 5230 941 5284 in
961 5233 1097 5285 arcolio-o.
1117 5231 1173 5283 linx
1192 5245 1242 5296 pro
1263 5230 1401 5301 lapidator
1420 5233 1439 5283 B
1458 5230 1563 5301 foprcor.

235 5330 246 5364 ²
266 5331 286 5381 ll
303 5332 353 5384 ord
373 5328 487 5398 lapidante
507 5344 600 5384 rernm
621 5328 743 5399 dapidrnr.
763 5330 861 5381 lleinde
879 5330 900 5381 Λ
918 5328 992 5382 addit
1010 5328 1039 5382 ia
1057 5333 1115 5381 ante
1133 5343 1164 5382 ro
1183 5327 1262 5398 praed.
1288 5329 1406 5397 Denique
1433 5331 1454 5381 d
1474 5342 1547 5398 pone
1574 5327 1647 5383 limo

147 5429 204 5481 loco
221 5442 292 5496 peno
312 5426 362 5481 iric.

234 5525 246 5560 ³
264 5527 286 5578 ,l
305 5524 363 5580 doc.

236 5622 246 5657 ⁴
266 5624 285 5674 ll
303 5625 398 5691 promet.

234 5722 246 5758 ⁵
264 5725 285 5775 Α
305 5719 443 5793 loprrirnrtr
461 5737 510 5789 pro
530 5721 626 5793 lepram·
644 5720 694 5777 laic.
