3870 6488
908 402 911 415 Ι

813 420 816 431 t

485 1193 862 1312 annunlio
910 1194 1341 1311 ulsPnuuuu

567 1459 639 1538 ru.
659 1458 885 1538 utuuunnr
904 1458 937 1538 n
956 1457 1260 1540 uuurnvruun.

249 2214 478 2308 θοῖῖθθᾳιιθιῖῖθε
500 2214 686 2310 quaeritur,
710 2215 821 2288 utrum
842 2215 983 2308 Angelus
1006 2215 1054 2289 nal
1077 2216 1166 2290 tono
1188 2217 1388 2291 naturaliter
1410 2218 1580 2311 intelligat

581 2350 691 2404 nerum
713 2332 857 2404 neutum
879 2331 915 2404 iu
937 2331 1241 2406 rennuentem.

253 2567 294 2632 Et
315 2565 463 2644 uidetur,
486 2564 576 2654 qnod
595 2583 672 2632 nen.

209 2676 212 2680 ’
255 2683 283 2748 t.
309 2681 389 2770 Quia
413 2682 440 2749 si
463 2682 523 2750 hoa
538 2686 622 2750 esset
638 2697 766 2762 rerum,
782 2687 982 2770 sequeretur,
1001 2679 1087 2769 quod
1104 2680 1222 2752 veritas
1236 2689 1364 2751 aemma
1375 2688 1432 2752 aut
1446 2690 1530 2752 esset
1552 2701 1659 2752 ennea

164 2797 516 2876 antemuranum,
545 2805 602 2865 aut
624 2798 710 2885 quod
741 2798 847 2866 omnia
870 2804 975 2867 essent
1006 2817 1086 2865 veru
1116 2797 1176 2868 illu
1198 2797 1356 2879 veritate;
1386 2798 1442 2868 sed
1473 2798 1615 2888 probabo
1630 2799 1660 2882 ¹,

163 2919 338 3001 utrumque
361 2914 496 2982 istorum
520 2924 589 2982 θεεθ
611 2912 745 3002 falsum:
768 2931 845 3001 ergo
867 2912 982 2982 salsum
1006 2918 1055 2983 est
1077 2913 1199 2991 dicere,
1221 2914 1308 3002 qued
1330 2914 1468 3002 Angelus
1489 2913 1541 2983 uel
1564 2914 1660 2982 hanno

164 3029 352 3098 naturaliter
375 3028 529 3116 intelligat
552 3046 665 3097 verum
688 3034 830 3098 ereatnrn
854 3029 886 3097 in
910 3030 1043 3097 ueritate
1065 3037 1203 3099 aeterna.
1227 3030 1319 3116 Quod
1342 3037 1449 3099 autern
1480 3030 1567 3099 Deus
1596 3049 1659 3099 non

162 3144 204 3211 sit
226 3163 334 3212 θθιιεθ
358 3144 508 3211 omnium
529 3163 707 3225 vaurum,
730 3161 789 3232 ego
811 3144 912 3232 probo
934 3145 996 3213 sie:
1020 3145 1046 3214 si
1069 3145 1155 3214 enirn
1178 3152 1262 3214 esset
1285 3163 1382 3214 nausa
1404 3146 1547 3214 omnium
1571 3164 1660 3214 vere

162 3279 255 3343 nunu,
277 3268 362 3329 esset
385 3278 482 3329 nausa
504 3260 597 3329 istius
618 3261 703 3329 neri:
727 3261 786 3330 iste
809 3261 953 3341 iuratur3
976 3277 1051 3330 cunr
1073 3247 1151 3348 ergo
1178 3261 1277 3329 iurari
1301 3261 1343 3330 sit
1364 3268 1549 3350 pennatum,
1572 3261 1658 3329 Deus

160 3384 244 3445 esset
266 3395 363 3445 eausa
385 3377 523 3464 peceati,
546 3377 631 3464 quod
648 3376 764 3445 salsum
780 3382 836 3444 θεῖ.
853 3376 945 3464 Quod
967 3374 1089 3445 etiam'
1112 3376 1228 3444 salsum
1249 3376 1291 3445 sit
1312 3375 1437 3460 dicere,
1459 3376 1566 3445 omnia
1588 3392 1658 3444 esse

159 3512 242 3561 vera
265 3493 403 3560 veritate
424 3501 580 3571 aetnae,
604 3492 704 3579 probo
727 3491 786 3562 sie:
810 3492 843 3559 in
866 3489 976 3560 multis
999 3491 1084 3560 enirn
1107 3491 1320 3561 intellectibus
1339 3492 1459 3561 multae
1482 3499 1557 3561 sunt
1579 3492 1660 3560 ueri·

159 3614 261 3688 tates;
284 3608 400 3677 laisum
423 3614 472 3676 est
493 3625 570 3696 ergo
592 3607 713 3688 dicere,
736 3607 843 3676 omnia
866 3624 935 3676 esse
960 3624 1036 3676 vera
1057 3625 1123 3675 una
1146 3607 1290 3676 veritate.

247 3727 278 3792 l.
303 3725 398 3806 Ιῖθηῖ,
421 3723 577 3792 naturalis
599 3723 742 3812 operatio
764 3730 813 3791 est
834 3740 892 3811 per
914 3722 1069 3811 principia
1091 3722 1268 3806 naturalia,
1297 3740 1374 3811 ergo
1396 3722 1585 3792 naturaliter
1615 3723 1659 3791 in·

157 3839 301 3928 telligere
323 3847 372 3908 θεῖ
394 3857 451 3927 per
474 3838 620 3908 naturale
643 3839 770 3916 lumem
793 3838 848 3907 sed
878 3838 957 3907 illud
980 3837 1066 3926 quod
1092 3837 1278 3925 intelligitur
1301 3838 1333 3907 in
1356 3838 1478 3908 lumine
1500 3838 1657 3921 naturali,

157 3975 220 4024 non
244 3956 431 4044 intelligitur
461 3955 493 4022 in
525 3954 658 4023 ueritate
681 3961 828 4035 annena,
859 3952 934 4041 quia
957 3952 1212 4041 supernaturalis
1233 3961 1298 4022 est:
1329 3971 1407 4041 erge
1438 3954 1575 4042 Angelus
1606 3955 1657 4022 vel

157 4071 253 4140 homo
275 4071 363 4140 non·
387 4070 533 4157 intelligit
555 4069 744 4138 naturaliter
767 4069 799 4138 iu
822 4074 952 4138 aeterna
974 4069 1116 4138 ueritate.

246 4185 276 4255 3.
300 4186 393 4267 lum,
416 4185 595 4254 intellectus
617 4191 744 4253 creatus
766 4201 829 4253 nnn
853 4183 1000 4271 intelligit
1014 4183 1202 4252 naturaliter
1218 4182 1250 4251 in
1266 4184 1399 4253 veritate
1422 4192 1552 4254 aeterna
1574 4184 1656 4253 sieut

156 4302 189 4370 in
213 4301 333 4370 οῖῖθθῖο
356 4301 505 4389 counito,
529 4300 605 4389 quia
635 4317 693 4388 per
724 4307 872 4368 naturam
896 4316 959 4367 non
983 4299 1149 4387 attingitur
1172 4299 1204 4366 in
1227 4298 1358 4367 rutenae
1380 4298 1496 4367 οῖῖθθῖι·
1516 4300 1658 4387 couniti,-

157 4434 261 4506 neque
284 4417 380 4486 etiam
403 4423 440 4486 ut
471 4416 656 4484 iuratione
687 4413 890 4502 innitimur·
910 4420 1049 4496 tantum,
1080 4412 1259 4503 quiaillud
1290 4414 1376 4502 quod
1404 4423 1452 4484 θεῖ
1483 4413 1656 4483 intellectui

157 4541 263 4603 creato
287 4533 369 4602 ratio
391 4531 604 4629 intelligendi,
628 4532 777 4600 informat
791 4531 911 4618 ipsum:
936 4548 1013 4618 ergo
1036 4529 1125 4598 nullo
1147 4530 1243 4598 modu
1257 4528 1437 4600 intellectus
1459 4537 1587 4600 creatus
1602 4530 1657 4598 ali·

154 4649 232 4736 quiid
256 4647 444 4719 naturaliter
467 4647 612 4735 intelligit
635 4647 668 4715 in
689 4654 820 4716 aeterna
843 4646 986 4715 veritate.
1424 4662 1426 4669 ·

245 4766 276 4832 t.
301 4764 396 4845 item,
418 4763 450 4831 in
474 4762 596 4831 ratione
619 4761 857 4851 supernaturali
880 4760 960 4829 nihil
983 4760 1124 4848 intelligo
1151 4759 1357 4842 naturaliter;
1380 4759 1437 4830 sed
1461 4761 1580 4830 veritae
1606 4779 1656 4830 ae

155 4886 246 4949 terna
267 4884 316 4948 est
339 4877 609 4967 supernaturalis:
633 4896 710 4966 ergo
733 4878 766 4946 in
788 4895 827 4946 ea
849 4875 930 4944 nihil
954 4874 1093 4964 intelligo
1116 4875 1313 4945 naturaliter.

246 4997 276 5064 n.
298 4995 392 5076 item,
415 4993 496 5063 ratio
518 4993 727 5081 eognosaendi
750 4998 798 5061 θεῖ
827 4991 969 5081 primum
992 4990 1172 5078 cognitum,
1202 4990 1290 5059 unde
1313 4990 1469 5060 tricenna
1500 4991 1532 5060 in
1562 4999 1655 5063 sexto

154 5112 354 5184 Naturalium
371 5113 452 5183 libro
467 5111 622 5194 seeundo,
645 5109 785 5200 capitulo
807 5107 949 5179 εθθιιῖῖῖῖο
970 5107 1083 5177 dieit⁴:
1114 5107 1285 5177 «Primum
1309 5107 1393 5177 enim
1409 5114 1572 5178 senatum
1589 5127 1655 5179 cer·

245 5380 253 5416 ¹
273 5379 413 5452 iterabo,
435 5382 481 5450 qut
499 5381 577 5433 ettam
596 5377 676 5449 paulo
695 5378 760 5433 intra
779 5384 838 5446 poet
853 5371 940 5449 prelo
958 5376 1051 5431 omittit
1069 5374 1116 5432 tie.

244 5476 256 5515 ¹
276 5479 295 5532 n
312 5481 412 5534 nutem.

242 5575 255 5613 ⁸
272 5576 292 5629 B
310 5574 387 5631 tuitii·

243 5673 254 5710 ⁴
273 5675 292 5730 tt
311 5673 384 5729 addit
401 5671 447 5729 tia
