3870 6488
725 809 773 863 ra.
798 810 921 865 111111
945 813 1080 864 aaoaor.
1586 800 1650 870 att

156 931 298 1024 operatio
320 933 475 1006 naturalis
508 942 598 1006 esta
628 935 767 1026 potentia
794 939 950 1009 natarali:
976 940 1001 1009 si
1038 940 1188 1028 loquatur
1220 941 1260 1011 de
1283 942 1466 1030 operatione
1490 944 1649 1025 naturali,

157 1059 313 1138 quamtum
337 1051 378 1121 ad
402 1053 452 1122 sai
476 1053 765 1141 complementum,
788 1056 874 1143 qrrod
911 1057 953 1125 sil
987 1058 1124 1126 totaliter·
1159 1078 1179 1125 a
1202 1060 1341 1146 potentia
1364 1060 1511 1141 naturali,
1535 1061 1650 1128 laisum

155 1168 306 1248 assanrit3
331 1169 531 1237 ananiiestanr
555 1171 724 1251 esconia,
753 1172 839 1259 qaod
874 1172 954 1240 visio
988 1174 1162 1261 corporalis
1185 1179 1234 1242 est
1256 1174 1442 1261 simpliciter
1472 1176 1650 1257 naturalis,

156 1302 239 1371 qaae
261 1289 365 1352 tamen
391 1303 452 1353 non
476 1286 641 1373 perficitur
664 1287 723 1354 nisi
749 1287 869 1356 lumine
892 1289 1072 1358 extrinseco
1095 1290 1274 1358 adiuvante.
1299 1291 1330 1358 Si
1348 1310 1423 1359 vero
1440 1292 1588 1380 loquatur
1611 1292 1651 1361 do

155 1399 337 1487 operatione
360 1401 498 1470 natarali
526 1409 681 1490 quantam
705 1403 747 1471 ad
770 1403 840 1472 eius
863 1401 1124 1487 irwdoatc'omem,
1148 1406 1192 1475 sic
1226 1413 1331 1494 potest
1362 1425 1431 1478 esse
1459 1426 1479 1476 a
1513 1409 1651 1496 potentia

155 1514 304 1583 natarali.
327 1553 372 1565 —
395 1517 432 1585 Et
452 1535 510 1605 per
534 1519 594 1587 hoo
617 1525 703 1607 patet

243 1631 289 1699 hd
315 1631 364 1699 13.
388 1631 466 1701 Nam
490 1634 573 1703 sicut
596 1635 627 1703 in
651 1635 853 1722 generatione
876 1635 1014 1707 hominis
1049 1645 1163 1706 natura
1197 1638 1338 1726 disponit
1367 1640 1486 1709 loetum
1522 1640 1651 1728 disposi-

157 1745 253 1827 tione,
269 1765 352 1835 quae
367 1753 415 1816 est
430 1749 600 1818 necessitas
623 1750 664 1817 ad
688 1751 919 1837 susceptionem
936 1753 1060 1822 animae
1077 1753 1240 1821 rationalis
1255 1793 1299 1803 -
1315 1756 1494 1838 necessitas,
1510 1756 1651 1844 inquam,

155 1873 286 1953 aparte
309 1867 411 1954 ipsius
434 1867 585 1936 materiae
609 1868 780 1956 dispositae
796 1876 887 1936 -et
909 1869 1037 1937 tandem
1072 1861 1158 1937 [icas
1181 1870 1318 1938 creando
1346 1870 1484 1938 infundit
1511 1871 1651 1938 aninranr

157 1983 359 2051 rationalem:
383 1981 429 2052 sio
452 1983 536 2052 vires
560 1983 725 2052 interiores
747 1983 971 2053 administrant
994 1985 1224 2070 phantasmata,
1247 2007 1267 2053 a
1290 1986 1407 2074 quibus
1427 1986 1508 2055 durat
1530 1987 1651 2074 species

157 2099 188 2166 in
212 2098 373 2168 intellectu
395 2107 524 2186 agente,
548 2099 602 2188 qai
626 2105 675 2168 est
699 2118 773 2187 pars
796 2101 938 2183 animae,
971 2101 1027 2169 sed
1058 2101 1167 2169 divino
1190 2101 1326 2185 ianrine,
1350 2109 1386 2170 at
1409 2103 1579 2190 probatura
1603 2108 1652 2170 est

155 2232 213 2301 per
235 2214 462 2302 hagustiaunr3
484 2223 517 2283 ot
539 2215 666 2284 tandem
690 2216 868 2284 1111111111
892 2216 1020 2303 regulas
1053 2224 1200 2286 aeternas
1234 2218 1274 2286 de
1309 2218 1442 2286 veritate
1477 2217 1652 2286 enuntiabi-

157 2329 237 2398 lium
261 2330 421 2399 iudicatur
434 2330 455 2398 ¹.

243 2445 288 2514 hd
315 2448 365 2514 li.
388 2448 517 2534 quando
540 2448 635 2529 dicit,
657 2449 744 2535 quod
767 2449 926 2536 sequitur:
951 2449 1153 2536 cognoscitur
1177 2450 1207 2517 in
1243 2450 1364 2518 lamine
1397 2450 1651 2537 supernaturali,

154 2580 231 2649 ergo
253 2580 314 2630 non
338 2571 387 2631 esi
410 2564 565 2632 naturalis
588 2564 738 2651 cognitio;
762 2564 923 2651 distinguo
946 2565 987 2632 de
1009 2564 1175 2644 natarali,
1192 2572 1228 2633 ut
1243 2583 1300 2652 per
1325 2565 1385 2633 ima
1408 2571 1513 2652 pateat
1537 2565 1652 2650 signid-

155 2678 236 2746 catio
257 2678 549 2765 supernaturalia:
564 2679 640 2766 quia
662 2687 740 2767 quot
762 2680 866 2748 nrodis
889 2680 1006 2748 dioilar
1029 2699 1131 2748 unam
1154 2681 1388 2768 oppositorum,
1410 2687 1456 2748 tot
1479 2681 1582 2748 aredis
1605 2680 1649 2747 di·

155 2793 238 2862 citar
271 2799 303 2862 et
337 2793 497 2882 reliquam
512 2793 534 2860 ².
560 2795 611 2862 Est
645 2813 721 2883 orgo
755 2794 875 2884 aliquid
906 2795 1180 2884 naturaleque
1211 2803 1258 2865 est
1284 2795 1420 2864 tramiiter
1443 2814 1463 2864 a
1486 2795 1650 2884 principiis

244 3060 253 3096 ¹
274 3060 395 3128 ilodam,
413 3076 467 3130 ‹pao
485 3069 512 3115 et
529 3076 622 3115 seusus
641 3067 667 3115 et
684 3062 827 3116 intellectas
845 3063 956 3129 acquirit
974 3076 1062 3116 rerum
1082 3076 1270 3130 corporearum
1289 3065 1390 3130 species
1416 3063 1595 3116 intentionaies
1617 3061 1650 3114 ad

154 3163 331 3227 cognitionem
350 3162 504 3216 eliciendam
522 3165 694 3229 camesenus,
714 3169 805 3216 auctor
823 3165 848 3215 in
868 3163 924 3215 aliis
942 3161 1139 3231 quaestionibus
1158 3162 1278 3216 diffusius
1296 3163 1407 3230 explicat
1424 3163 1556 3229 simulque
1568 3167 1651 3213 oston-

154 3259 217 3314 dere
235 3265 352 3327 cernatur,
363 3263 516 3315 senteutiam
536 3263 674 3327 Augustini
694 3263 743 3315 hac
761 3261 795 3315 de
813 3276 842 3315 re
859 3276 935 3326 esse,
954 3261 1027 3329 quod
1046 3274 1094 3314 nec
1111 3275 1205 3315 sensas
1223 3262 1271 3315 nec
1290 3262 1433 3315 intellectas
1451 3261 1554 3327 spectes
1572 3261 1651 3311 inten-

154 3359 262 3412 tionales
273 3372 346 3413 mere
358 3357 490 3428 recipiant
500 3357 699 3424 machinasse,
712 3359 835 3412 sciliceta
850 3358 943 3424 rohas,
963 3359 1010 3412 scd
1029 3358 1101 3427 quod
1120 3361 1170 3425 ipsi
1189 3373 1220 3412 ex
1240 3360 1426 3425 impressione,
1445 3372 1525 3426 (paam
1539 3370 1651 3410 111111-

153 3470 250 3522 poreae
269 3457 294 3508 in
313 3470 411 3523 organa
430 3470 557 3510 sensuam
576 3455 742 3522 producunt,
761 3458 864 3510 eliciant
882 3462 908 3510 et
926 3457 1109 3511 translucerent
1127 3459 1153 3509 in
1173 3471 1200 3509 se
1220 3459 1321 3524 species
1339 3471 1430 3509 earam
1454 3456 1650 3516 thimasarcus:

153 3567 234 3620 qaam
253 3553 523 3622 transformationem
541 3554 690 3608 Aristoteles
710 3561 786 3608 vocat
804 3552 1020 3609 alslauclt'oncm.
1040 3555 1066 3607 ln
1080 3570 1127 3608 saa
1142 3557 1307 3623 parassemus:
1321 3561 1409 3607 utrma
1422 3556 1523 3620 species
1534 3596 1540 3620 ,
1553 3553 1651 3622 quibas

154 3666 229 3705 inens
247 3652 380 3718 inteiligit,
402 3654 507 3704 varriant
525 3654 549 3704 in
569 3653 727 3705 intellectam
747 3668 761 3705 1
780 3652 861 3706 rohas
879 3658 950 3705 extra
969 3655 1098 3717 animam,
1118 3667 1150 3704 11
1170 3652 1232 3705 11111
1250 3652 1283 3705 de
1303 3654 1359 3718 ipsa
1378 3653 1479 3717 aniana,
1499 3659 1590 3705 auctor
1604 3653 1651 3705 alt:

157 3767 171 3796 ι
184 3749 216 3803 tu
233 3751 320 3818 itaque
338 3749 454 3804 brevitor
472 3751 656 3817 recolligamus
676 3751 821 3818 praedicta,
841 3751 934 3817 caedo,
954 3751 1026 3818 qaod
1045 3752 1169 3804 sententia
1188 3752 1267 3803 lrrcrit
1284 3749 1352 3803 beati
1366 3751 1517 3815 Augustini,
1537 3752 1579 3802 cai
1593 3766 1651 3802 con·

153 3846 263 3899 condant
280 3848 446 3914 supradictae
465 3850 617 3915 opiniones,
637 3849 710 3915 quaed
729 3846 878 3904 irtullcoias
898 3849 994 3901 nallaar
1014 3850 1129 3914 speciem
1148 3847 1243 3917 recipit
1259 3847 1293 3901 ab
1319 3849 1481 3913 extrinseco,
1509 3849 1575 3901 sicat
1599 3834 1651 3900 ¹neo

153 3945 294 4012 sensitivo3
314 3951 340 3998 et
358 3947 440 4000 multo
459 3949 546 3999 minas
565 3951 641 4000 natus
659 3952 699 4000 est
715 3945 773 4016 poli
790 3963 805 3999 a
824 3960 949 4012 corpore,
969 3946 1003 3999 ah
1023 3949 1080 4016 ipso
1108 3946 1206 4014 aliquid
1235 3945 1399 4012 recipiendo,
1426 3959 1480 4015 qao
1510 3947 1651 4011 intelligat,

152 4057 234 4111 quarn
253 4046 388 4111 sensitiva,
408 4058 469 4098 cam
487 4047 520 4099 sit
539 4045 621 4098 nraito
641 4047 812 4110 praestantior
830 4060 869 4097 ear.
889 4044 1057 4111 intelligimus
1075 4050 1163 4097 uatem
1176 4058 1225 4110 per
1238 4046 1301 4108 hoc,
1321 4042 1392 4111 qaod
1406 4045 1491 4096 virtus
1502 4044 1650 4108 mgieaiva,

153 4143 246 4194 ceteris
264 4142 406 4196 virtutihus
424 4144 556 4208 organicis
575 4144 747 4208 praestantior
766 4142 988 4210 intellectivaeqae
1008 4142 1117 4195 riataruii
1137 4141 1228 4194 ordino
1253 4140 1368 4193 subnexa
1396 4140 1536 4207 sideraque
1554 4139 1651 4192 sulami-

154 4241 279 4306 nistrans,
298 4240 448 4293 immediate
466 4240 546 4310 offert
562 4243 585 4293 ei
605 4242 775 4306 intcnlioncs,
795 4242 819 4293 in
839 4239 937 4308 qrribas
956 4240 1071 4293 reluceat
1089 4242 1146 4305 ipsa
1167 4239 1340 4302 arriversalia,
1368 4252 1437 4306 qnae
1458 4236 1605 4292 irrtcileclas
1625 4240 1649 4291 11

153 4351 183 4390 se
200 4338 366 4391 uarnslormut
383 4352 414 4391 ex
433 4339 542 4391 natarali
562 4341 736 4403 connexione,
758 4352 838 4405 arrum
857 4337 937 4390 hahet
955 4351 1016 4390 carn
1037 4338 1149 4404 potentia
1168 4335 1335 4402 supradicta:
1354 4337 1421 4388 sicat
1439 4337 1551 4402 pomatia
1571 4334 1650 4389 setem-

153 4432 209 4489 liaa
226 4448 258 4488 ea
272 4435 439 4501 'colligatione
458 4449 519 4488 carn
538 4449 656 4502 organo,
676 4438 701 4487 ln
721 4449 775 4502 qao
794 4437 836 4488 lun
854 4449 979 4501 sapreura
999 4437 1065 4487 inter·
1092 4435 1237 4500 corporalia
1266 4434 1432 4499 dominatur,
1460 4433 1591 4486 mediante
1609 4435 1650 4485 iiia

153 4531 263 4585 1111111
282 4546 381 4598 organo
400 4533 495 4585 lorrnat
513 4535 539 4585 in
558 4548 587 4586 se
604 4535 737 4599 speciem,
757 4545 812 4602 aaa
829 4531 916 4586 scatit.
936 4532 1156 4598 supprimamus
1175 4532 1318 4585 intellectas
1336 4532 1422 4597 primo
1447 4533 1531 4597 magis
1550 4533 1651 4585 anisar-

153 4630 233 4693 solia,
251 4638 277 4683 et
295 4638 483 4700 consequenter
500 4631 535 4684 ud
553 4631 744 4685 distinctionem
765 4632 850 4696 magis
868 4631 1011 4696 perlectam
1030 4631 1166 4697 procedit:
1186 4629 1212 4682 id
1233 4628 1341 4697 quidem
1360 4629 1432 4696 qrrod
1450 4637 1490 4683 est
1503 4630 1651 4683 arriversale

153 4730 241 4794 pruinae
259 4732 392 4796 cognoscit
409 4730 484 4798 quasi
503 4730 614 4796 simplici
629 4731 731 4793 1111111,
746 4728 841 4782 deindo
853 4742 918 4782 vcro
931 4729 1078 4782 anniversale
1091 4729 1226 4795 cognoscit
1234 4726 1285 4780 sab
1296 4730 1395 4805 ratione
1405 4727 1559 4780 aniversalis
1572 4747 1585 4776 a
1601 4736 1651 4781 etc.

242 4826 267 4878 ln
288 4827 336 4879 arlia
355 4829 524 4895 quaestione:
544 4833 632 4880 atram
652 4829 737 4879 anirna
757 4834 790 4878 so
805 4828 890 4892 ipsum
909 4834 935 4879 et
953 4826 1057 4879 liabitas
1075 4840 1137 4879 suos
1156 4832 1297 4892 cognoscat
1315 4840 1364 4891 proc
1382 4824 1523 4879 castratio-m
1541 4833 1586 4879 aat
1603 4841 1652 4892 per

154 4925 268 4991 aliquam
287 4923 417 4993 speciem,
439 4926 509 4976 inam
528 4926 656 4989 triplicem
676 4925 747 4976 vinna
765 4923 922 4976 deveniendi
942 4925 967 4976 in
987 4938 1075 4976 reram
1096 4925 1231 4988 notitiam,
1250 4924 1304 4976 scil.
1323 4921 1358 4976 ab
1384 4921 1531 4989 exteriori,
1561 4921 1596 4976 ul
1613 4921 1652 4976 in·

154 5021 248 5076 teriori
257 5029 284 5075 ct
301 5036 319 5077 a
337 5021 485 5091 superiori,
507 5021 578 5075 idern
596 5028 687 5074 auctor
707 5022 835 5087 triplicem
854 5023 969 5088 speciem
990 5022 1139 5087 distinguit,
1158 5035 1227 5089 qaae
1246 5023 1324 5074 etiam
1344 5022 1437 5088 tripiici
1457 5036 1546 5074 reruni
1566 5020 1651 5074 ordini

154 5119 303 5186 mptrndot.
325 5139 339 5168 ι
352 5121 397 5174 Est
408 5121 488 5185 eninr,
501 5120 602 5188 inquit,
620 5120 722 5186 species
740 5117 878 5174 adstructo
896 5119 1043 5173 secandam
1056 5122 1127 5173 viam
1140 5120 1291 5185 Philosophi
1305 5134 1320 5172 1
1333 5118 1570 5186 phantasmatibus,
1583 5118 1653 5186 quac

153 5217 248 5272 dicitnr
266 5218 427 5283 universatim
446 5222 485 5270 est
504 5219 553 5270 aliu
572 5219 674 5284 species
691 5217 814 5271 videlicet
831 5216 959 5283 colicam,
979 5232 1060 5286 quana
1079 5217 1129 5271 sibi
1143 5219 1203 5271 lacit
1221 5219 1307 5270 anima
1325 5232 1357 5271 ex
1376 5215 1492 5284 actibus,
1505 5216 1652 5283 colligendo

155 5323 273 5371 naturam
292 5323 318 5370 et
335 5315 508 5385 quidditatem
527 5318 564 5369 cei
584 5317 739 5383 spiritualis,
761 5330 841 5384 qaam
861 5318 1009 5383 cognoscit,
1028 5318 1094 5369 11111
1112 5330 1143 5369 ex
1161 5314 1339 5381 singularibus
1352 5315 1481 5381 colligitur
1493 5319 1585 5371 natura
1597 5316 1651 5367 uni-

155 5415 276 5483 versalis,
295 5428 349 5483 qua
366 5416 533 5480 cognoscitur
550 5413 693 5467 substantia
713 5413 869 5466 sensibilis...
889 5415 925 5467 De
943 5416 1030 5480 speeie
1049 5416 1173 5482 concepta
1192 5428 1224 5466 cx
1243 5415 1403 5480 inspectione
1422 5413 1486 5466 lacis
1499 5412 1652 5479 iscamari,

155 5528 234 5582 quam
254 5527 329 5567 areas
346 5514 372 5565 11
391 5527 420 5566 se
439 5515 533 5565 lormat
551 5514 621 5566 illam
640 5512 727 5565 lacem
746 5511 885 5579 intuendo,
905 5512 967 5565 dicit
984 5513 1145 5577 tergestinus
1174 5525 1243 5564 nono
1267 5510 1302 5564 dc
1320 5511 1392 5564 Tria.
1426 5524 1451 5564 1.
1478 5509 1513 5563 7:
1538 5509 1564 5561 11
1592 5510 1651 5577 iiia,

153 5613 250 5681 inquit,
269 5616 373 5665 aeterna
392 5613 500 5665 veritae
519 5630 531 5659 a
553 5616 601 5664 etc.
621 5610 681 5677 (cir.
700 5625 781 5676 supra
800 5624 861 5677 pag.
881 5610 924 5677 51,
944 5624 999 5677 arg.
1020 5611 1066 5678 7.).

243 5712 324 5767 ²cn.
343 5712 462 5780 aristot,
482 5711 515 5766 de
533 5711 694 5766 praedicam.
713 5724 735 5764 c.
756 5710 788 5764 de
806 5708 949 5765 ltelatiooe.
