3870 6488
308 346 373 419 tot
878 370 1029 430 ueasasrto
1053 368 1224 421 ursrerara

308 509 379 560 inea
401 512 421 561 a
445 492 514 562 lnee
536 502 664 563 aeterna
689 494 848 575 derivata,
872 502 978 583 posset
1001 495 1079 564 baeu
1104 494 1219 564 veritas
1243 493 1304 563 diei
1333 513 1417 577 ntea,
1442 493 1524 564 sient
1548 495 1615 584 ipsa
1640 496 1698 567 lux
1724 516 1807 567 rnen

307 608 348 676 tis
383 628 471 678 meae
505 611 622 679 dieitur
656 630 748 692 rrien;
782 611 842 679 leon
876 618 984 679 eanmm
1016 618 1109 698 nogat
1137 611 1330 697 Augustinus
1361 619 1491 698 propter
1521 632 1726 682 eonrrnunem
1763 615 1808 682 ln·

308 743 394 809 uerri,
426 728 457 795 in
480 746 544 816 qna
567 728 714 796 videmus
736 746 795 816 ego
825 732 856 797 et
881 734 930 799 tu:
964 746 1041 817 ergo
1071 729 1212 810 videtur,
1234 728 1320 816 qnod
1345 729 1418 817 plns
1441 727 1600 812 intendat,
1623 748 1722 820 qiram
1748 730 1808 819 ipsi

309 842 425 911 dicant.
921 866 924 871 ·

397 960 488 1041 item,
512 961 705 1048 Augustinus
721 960 761 1030 de
777 961 929 1031 Trinitate
953 961 1034 1030 libro
1049 961 1252 1043 duodecimo,
1276 960 1414 1050 capitulo
1430 961 1588 1049 septim0¹
1614 962 1705 1045 dicit,
1721 962 1809 1051 quod

307 1077 463 1164 superior
487 1079 590 1165 portio
613 1078 744 1147 rationis
760 1078 894 1161 dicitur,
914 1097 998 1167 quae
1014 1078 1148 1147 intendit
1170 1079 1307 1148 aeternis
1328 1078 1504 1147 rationibus
1520 1078 1743 1161 consulendis3
1767 1079 1812 1147 in·

308 1193 405 1262 lerion
433 1213 510 1263 nero
532 1196 636 1283 portio
667 1195 798 1270 dieitur,
830 1213 911 1284 qnae
934 1196 1113 1282 negotiatur
1144 1194 1174 1264 in
1205 1196 1272 1264 istis
1303 1194 1534 1283 temporalibus
1565 1194 1811 1283 dispensandis:

308 1328 384 1394 ergo
407 1329 480 1377 oneri
498 1311 528 1377 in
546 1312 604 1378 boe
621 1311 858 1397 distinguantur
880 1312 1026 1399 superior
1050 1312 1153 1399 portio
1168 1319 1200 1380 et
1216 1312 1362 1391 interior,
1386 1312 1528 1393 videtne,
1551 1312 1637 1401 quod
1661 1312 1813 1400 superior

308 1426 411 1511 mutio
435 1426 466 1493 in
491 1427 611 1513 regulis
634 1446 733 1513 supra
755 1446 789 1496 se
815 1428 919 1495 videat
942 1426 996 1494 illa
1018 1445 1101 1514 quau
1123 1428 1233 1495 eerrrit.
1258 1426 1297 1495 Si
1316 1436 1352 1494 tn·
1375 1427 1487 1507 dicos,
1516 1427 1602 1515 quod
1626 1427 1698 1496 ideo
1723 1426 1814 1496 videt

309 1540 340 1609 in
366 1542 486 1627 regulis
510 1541 590 1622 illis,
614 1543 689 1629 qnia
713 1543 798 1611 videt
822 1544 852 1611 in
876 1534 984 1630 aliqua
1007 1542 1078 1610 lure
1102 1543 1216 1610 mortis
1239 1562 1316 1610 suae
1339 1543 1381 1609 ala
1404 1542 1467 1611 illis
1495 1542 1616 1630 regulis
1647 1543 1814 1624 derivata,

309 1656 421 1725 eadem
446 1658 566 1725 ratiime
583 1666 688 1744 posset
704 1658 783 1739 diei,
807 1659 892 1745 quiid
917 1658 997 1726 ratio
1013 1656 1155 1744 miserior
1172 1659 1258 1727 videt
1276 1659 1307 1725 in
1323 1658 1461 1727 aeternis
1477 1659 1614 1746 regulis,
1629 1676 1713 1746 quiae
1734 1668 1814 1727 sunt

308 1789 408 1860 snpra
431 1781 587 1854 trientem,
611 1791 684 1842 enni
702 1774 807 1841 rideat
828 1774 858 1840 in
874 1774 981 1861 aliqua
998 1775 1067 1842 lure
1082 1775 1123 1841 ab
1139 1773 1202 1842 illis
1226 1774 1345 1859 regulis
1361 1774 1513 1843 derivata.
1540 1774 1599 1843 lloe
1625 1782 1729 1843 merten
1746 1794 1813 1843 non

308 1895 357 1956 est
379 1890 555 1957 secundum
580 1889 755 1957 doctrinam
778 1890 941 1976 Augustini
966 1889 1181 1975 supradictam
1206 1890 1462 1970 eoncedendum,
1487 1908 1560 1958 ouen
1588 1908 1685 1978 penes
1713 1891 1813 1958 talem

308 2005 517 2090 cognitionem
541 2005 572 2072 in
597 2005 754 2092 superiori
780 2005 900 2073 loratino
923 2015 954 2074 et
971 2005 1194 2093 temporalium
1218 2006 1452 2093 dispensatione
1469 2006 1534 2074 duo
1558 2006 1688 2075 rationis
1705 2004 1816 2075 officia

309 2120 519 2207 geminentur.

399 2236 489 2318 ltem,
513 2237 706 2324 Augustinus
729 2238 769 2305 de
793 2238 904 2305 libero
927 2237 1077 2317 Arbitrio,
1101 2238 1132 2305 in
1158 2237 1239 2304 libro
1262 2238 1402 2305 seeundo
1425 2237 1546 2320 nititur,
1570 2246 1727 2325 qnantum
1753 2258 1812 2326 po

310 2358 370 2420 test
385 2360 417 2421 et
433 2354 492 2421 boc
509 2354 601 2421 valde
625 2354 799 2435 subtiliter,
816 2355 962 2440 probare,
980 2354 1081 2422 Deum
1106 2372 1192 2435 esse;
1216 2353 1308 2422 ouius
1332 2354 1463 2422 intentio
1485 2374 1505 2422 a
1528 2353 1667 2441 oagaitulo
1695 2354 1815 2441 quinto

311 2486 414 2555 usqne
437 2469 478 2535 ad
503 2469 645 2536 inedium
668 2469 780 2537 decioai
798 2470 899 2556 quinti
916 2470 1044 2556 capituli
1069 2470 1228 2537 succincte
1251 2478 1380 2557 accepta
1405 2468 1476 2537 talis
1498 2476 1559 2538 est:
1581 2471 1607 2537 si
1623 2469 1746 2557 aliquid
1765 2479 1818 2538 est

310 2602 409 2670 snpra
433 2592 569 2652 mentem
595 2592 755 2665 nostram,
777 2603 905 2654 neeesse
936 2592 1001 2665 est,
1036 2585 1122 2672 qelod
1152 2586 1212 2653 lino
1242 2585 1283 2652 sit
1310 2585 1404 2653 bons.
1436 2586 1519 2653 lianc
1550 2585 1817 2672 consequentiam

310 2702 459 2788 supponit
482 2720 523 2770 ex
546 2701 741 2783 adversario,
764 2711 796 2770 et
812 2702 927 2788 probat
949 2702 1140 2769 antecedens
1156 2719 1214 2787 per
1230 2699 1379 2788 oxernpla
1396 2701 1483 2768 varia
1505 2700 1536 2769 in
1559 2701 1712 2769 seruitus
1732 2720 1818 2788 por-

311 2816 523 2898 tieuluro'boa,
540 2818 656 2886 doeens
673 2817 801 2898 dilinse,
825 2818 985 2905 qreonmdo
1009 2818 1093 2885 idem
1118 2817 1241 2885 visibile
1265 2824 1368 2904 potest
1392 2824 1493 2885 totum
1510 2817 1612 2885 videri
1628 2837 1647 2884 a
1663 2816 1817 2901 diversis,

310 2939 342 3000 et
365 2932 510 3001 similiter
533 2953 631 3003 sonus
654 2934 738 3003 idem
762 2935 866 3001 audiri
891 2953 909 3000 a
934 2934 1056 3015 riseritis,
1080 2934 1227 3021 quaenris
1250 2932 1313 3000 alio
1337 2933 1547 3001 informentur
1570 2952 1685 3003 sensus
1708 2934 1819 3003 diuer-

312 3068 439 3117 sorum:
465 3050 548 3118 sient
569 3069 681 3127 otnrres
703 3051 838 3118 andiunt
870 3049 949 3117 illud
974 3042 1124 3130 verbum,
1148 3050 1232 3135 qteod
1263 3050 1349 3130 dieo;
1372 3050 1520 3137 qutamvis
1550 3048 1637 3119 aliud
1659 3056 1692 3118 et
1722 3050 1817 3118 alind

311 3165 484 3253 recipiatur
506 3166 536 3233 in
560 3167 695 3234 auribus
723 3167 941 3253 singulorum,
969 3184 1070 3233 urium
1095 3173 1201 3234 marion
1232 3165 1367 3233 verbum
1396 3165 1485 3245 diro,
1513 3164 1599 3252 qerod
1626 3184 1646 3232 a
1676 3165 1818 3252 singulis

311 3282 451 3350 auditur.
475 3282 557 3351 illud
578 3291 686 3351 antem
710 3283 795 3371 (premi
820 3281 969 3369 pluribus
991 3290 1039 3349 est
1055 3300 1239 3361 commune,
1254 3282 1294 3349 ad
1312 3280 1433 3349 nnllins
1449 3288 1596 3349 naturam
1618 3287 1722 3368 potest
1744 3301 1818 3368 per-

313 3397 421 3465 tinere.
447 3399 532 3467 [iride
555 3398 680 3466 veritos
704 3399 772 3467 istis
802 3398 930 3466 duobus
964 3398 1109 3466 sensibus
1132 3405 1358 3484 componitur,
1393 3416 1454 3464 non
1478 3404 1587 3464 antem
1618 3396 1727 3483 gerstui
1762 3398 1816 3467 tel

313 3514 408 3581 tactui
434 3514 482 3581 rel
506 3514 651 3595 oltaotui,
675 3514 750 3601 (paria
773 3534 835 3581 raon
860 3521 961 3601 potest
985 3513 1068 3581 idem
1098 3513 1194 3580 simul
1225 3514 1308 3599 tetigi
1346 3513 1402 3580 vel.
1420 3513 1540 3598 gustari
1573 3512 1623 3581 uel
1655 3512 1768 3581 alberi·
1796 3534 1819 3582 a

312 3629 465 3710 dirersis,
489 3630 572 3698 siem
596 3630 694 3698 uideri
713 3637 744 3698 et
759 3630 863 3697 audiri
888 3637 990 3717 potest
1015 3629 1098 3696 idom
1115 3648 1134 3695 a
1150 3628 1269 3697 multis.
1286 3666 1331 3677 —·
1347 3630 1463 3697 Verum
1482 3628 1588 3714 igitur,
1604 3628 1690 3714 qnod
1707 3646 1728 3695 a
1746 3630 1819 3716 plu-

311 3744 403 3814 ribus
427 3746 622 3833 intelligitur,
645 3765 708 3812 non
733 3753 835 3833 potest
857 3746 898 3813 ad
922 3746 1058 3813 alienius
1081 3746 1225 3831 ipsorum
1249 3751 1397 3811 naturam
1421 3744 1595 3830 pertinere;
1617 3752 1694 3812 tuno
1723 3744 1817 3813 enim

313 3881 375 3929 non
400 3872 505 3949 posset
528 3863 568 3929 ab
591 3863 637 3930 eis
661 3863 744 3930 idem
769 3861 918 3948 intelligi,
943 3862 1025 3929 sient
1049 3880 1106 3927 nee.
1130 3861 1213 3927 ieletn
1231 3867 1379 3947 garstatnr
1402 3883 1420 3926 a
1439 3859 1576 3928 dirersis
1590 3860 1641 3927 uel
1658 3860 1818 3946 tangitur,

311 3979 387 4064 qriia
410 3979 565 4064 gustabile
588 3979 630 4046 ad
653 3986 799 4045 naturam
825 3977 937 4044 trarisit
961 3976 1127 4063 gustantis.
1152 3977 1230 4043 lleee
1253 3983 1359 4043 aulem
1385 3976 1503 4043 veritas
1532 3975 1646 4043 eorlrau
1669 3996 1818 4045 oeatnero

312 4114 331 4160 a
355 4095 501 4181 pluribus
526 4093 721 4180 intelligitur,
745 4094 827 4161 sient
850 4093 935 4179 qum
952 4093 1018 4160 dero
1040 4100 1071 4159 et
1096 4092 1156 4158 tria
1178 4097 1254 4159 serrat
1276 4091 1435 4179 utrinqne,
1463 4091 1691 4178 quamvisper
1715 4092 1817 4160 aliam

312 4218 344 4276 et
365 4210 461 4277 aliam
485 4210 775 4297 comparationem,
798 4227 880 4296 quiae
904 4210 939 4276 tn
961 4228 980 4275 a
1004 4207 1158 4288 dirersis3
1183 4207 1263 4275 sient
1286 4207 1421 4275 osiridem
1445 4207 1653 4294 qrridditatem
1673 4206 1821 4295 intelligo

313 4345 371 4414 ego
395 4325 574 4395 tlelrniendo
597 4327 768 4407 borninem,
791 4345 887 4413 qttbtn
913 4324 1058 4411 intelligit
1081 4323 1163 4390 alins
1187 4322 1392 4391 corlsimililer
1415 4322 1613 4403 deliniendo,
1635 4342 1694 4410 per
1717 4323 1818 4392 alizam

314 4448 418 4509 marton
442 4443 579 4529 speciem
603 4442 762 4529 eognoseit
785 4442 852 4528 ipse
868 4448 981 4527 elego.
998 4479 1043 4489 -
1059 4439 1119 4507 lloo
1137 4439 1232 4525 igilur
1253 4438 1401 4525 probato,
1424 4438 1510 4525 qartod
1534 4438 1672 4506 esuritione
1696 4438 1822 4506 veritae·

314 4568 377 4627 tem
400 4558 581 4645 intelligunt
603 4557 742 4638 diversi,
767 4558 881 4644 probat
904 4556 1040 4624 ulterius
1063 4555 1258 4641 Augustinus
1282 4573 1397 4622 versns
1419 4556 1514 4621 linem
1539 4552 1667 4641 capituli
1691 4555 1769 4622 noni
1786 4560 1822 4623 et

315 4676 345 4744 in
371 4676 526 4764 prineipio
548 4675 681 4756 deeimi,
705 4675 789 4761 qnod
817 4674 950 4753 veritas,
974 4673 1006 4739 in
1030 4684 1090 4759 qiua
1117 4689 1194 4739 vera
1224 4669 1496 4739 ineoenmutabilia
1523 4675 1719 4747 cernuntur,
1751 4688 1820 4738 non

315 4803 362 4861 est
377 4793 509 4882 olipuid
530 4792 676 4869 ooimoe,
694 4810 752 4878 per
768 4791 827 4858 boo
843 4789 927 4877 qarod
953 4789 1022 4876 ipsa
1045 4794 1171 4875 praesto
1194 4793 1242 4855 est
1264 4786 1414 4853 omatibus
1431 4782 1617 4853 'volentibus
1632 4783 1769 4863 intueri;
1787 4794 1822 4853 et

315 4909 433 4977 ideireo
456 4927 517 4975 raon
543 4914 643 4994 potest
668 4908 827 4993 pertinere
850 4906 889 4973 ad
915 4905 1051 4973 alieuius
1075 4903 1189 4971 mentis
1206 4903 1367 4970 hnmanae
1389 4908 1548 4981 namnam,
1564 4900 1647 4967 siout
1662 4902 1821 4987 superium

315 5024 563 5113 exemplilrmvit
578 5024 618 5091 de
633 5024 704 5091 visu
721 5028 752 5091 et
767 5022 890 5090 amlitu.
907 5060 951 5071 —
967 5020 1027 5089 lloe
1046 5019 1163 5101 babito,
1179 5017 1339 5106 probatio
1357 5016 1512 5105 principio
1535 5014 1718 5085 duodecimi
1734 5018 1824 5107 eapi-

406 5286 414 5322 ¹
435 5287 510 5339 butri.
535 5285 573 5338 111.
592 5292 616 5337 et
640 5285 678 5336 ta.
698 5284 748 5337 Cir.
769 5289 795 5338 et
813 5282 876 5335 ibid.
896 5297 917 5334 e.
939 5282 962 5333 ⁸2.
982 5289 1007 5334 et
1027 5281 1050 5332 3.
