3870 6488
222 372 283 441 189
591 388 741 448 cunrsrro
764 387 936 439 nvsrvrrarl
962 388 1008 437 vn.
1034 386 1162 439 volume
1188 388 1336 438 necuim.

305 519 335 584 i.
353 514 397 585 ld
421 515 599 584 secundum
622 513 809 597 dicendum,
832 514 918 603 quod
942 532 1006 581 nou
1021 519 1070 583 est
1084 513 1188 583 simile
1203 513 1244 582 de
1258 513 1435 601 cognitione
1450 521 1482 582 et
1497 530 1624 594 mucre,
1640 510 1718 601 quia

217 633 353 721 cognitio
375 640 424 700 est
446 631 593 700 collativa
616 638 647 699 et
670 630 854 719 inquisitiva
877 630 1077 700 certitudinis
1101 631 1133 699 in
1155 630 1277 699 obiecto
1300 648 1377 709 suo;
1409 648 1470 697 non
1494 629 1539 698 sic
1566 629 1718 709 allectus,

172 796 174 800 ι
216 749 272 818 sed
297 755 418 816 unium
443 747 472 816 el
496 747 657 831 inhaeret,
680 747 857 816 secundum
881 746 967 835 quod
991 765 1011 814 a
1033 746 1155 815 ratione
1170 752 1411 834 praesentatum
1432 744 1519 814 unde
1541 744 1639 813 babet
1654 762 1720 813 mo

215 870 284 933 tum
308 863 503 952 simplicem,
527 860 706 931 intellectus
729 880 806 931 vero
829 862 990 950 componit
1010 861 1206 950 appositione
1231 863 1279 947 (l)
1302 866 1334 930 et
1349 860 1529 944 collatione,
1553 859 1608 949 qni
1632 860 1719 950 quie

214 980 276 1049 tari
299 998 361 1050 non
385 986 487 1067 potest
511 978 570 1046 nisi
594 996 652 1066 per
675 978 779 1047 lucem
802 985 975 1047 aeternam.
1625 1012 1628 1017 ·

305 1096 335 1164 3.
360 1095 405 1167 dd
429 1095 559 1164 tertium
583 1094 769 1176 dicendum,
800 1093 888 1183 quod
918 1093 1001 1164 sicut
1023 1093 1071 1163 sol
1093 1093 1126 1162 iu
1148 1093 1369 1183 corporalibus
1393 1092 1488 1176 lucet,
1512 1093 1557 1162 ita
1575 1091 1663 1163 Deus
1687 1093 1721 1161 in

215 1212 455 1301 spiritualibus;
477 1210 564 1282 unde
587 1211 782 1298 Augustinus
805 1211 837 1278 in
860 1211 965 1299 primo
995 1210 1240 1299 soliloquiorum
1255 1211 1289 1278 ¹:-
1313 1209 1510 1298 «Quomodo
1527 1209 1558 1277 in
1575 1209 1635 1278 hoc
1651 1209 1721 1279 sole

216 1330 276 1396 tria
292 1328 364 1397 licet
379 1327 561 1396 advertere:
577 1327 664 1414 quod
687 1333 752 1408 est,
776 1326 861 1413 quod
878 1325 994 1413 fulget,
1018 1327 1103 1414 quod
1121 1327 1297 1409 illuminat,
1320 1327 1364 1394 ita
1379 1327 1411 1394 in
1428 1326 1483 1394 illo
1505 1325 1723 1395 ser-:ctissime

216 1445 297 1526 beo,
321 1461 417 1532 quem
441 1461 498 1512 vos
514 1442 701 1530 intelligitis,
725 1443 786 1510 tria
802 1442 960 1531 quaedam
983 1449 1070 1511 sunt:
1095 1442 1181 1530 quod
1197 1450 1260 1525 est,
1275 1441 1362 1530 quod
1378 1440 1537 1529 intelligit,
1560 1447 1723 1514 electore

216 1560 290 1629 lacit
305 1558 436 1646 intelligi
450 1588 480 1624 ι.
504 1561 734 1645 Argumentum
750 1566 857 1627 autern
874 1577 935 1629 non
960 1558 1058 1640 valet,
1082 1559 1107 1627 si
1125 1565 1210 1627 recte
1233 1559 1427 1641 deducatur,
1444 1558 1566 1626 ratione
1581 1556 1720 1645 duplici:

216 1684 285 1745 tum
307 1675 384 1764 qnia
406 1674 581 1755 concludit,
603 1673 689 1763 quod
712 1675 795 1743 sicut
817 1674 938 1763 aliquid
955 1682 1138 1762 separatum
1162 1683 1210 1744 est
1226 1675 1307 1743 ratio
1330 1673 1488 1761 generalis
1507 1672 1722 1761 cognoscendi

215 1791 247 1859 in
272 1810 383 1873 seusu,
406 1791 450 1859 ira
473 1790 568 1859 debet
590 1807 660 1859 esse
683 1789 714 1858 in
739 1788 916 1869 intellectu;
939 1797 1008 1859 turn
1039 1791 1115 1879 quia
1138 1789 1212 1879 plus
1235 1790 1410 1878 requiritur
1433 1789 1475 1859 ad
1501 1788 1724 1877 operationem

217 1907 396 1979 intellectus
419 1926 517 1996 quam
539 1924 668 1989 seusus,
690 1924 765 1975 cum
788 1924 902 1975 sensus
924 1907 965 1977 sit
988 1907 1019 1976 iu
1036 1907 1175 1996 potentia
1190 1906 1412 1987 accidentali,
1429 1913 1465 1977 ut
1484 1905 1615 1988 dicunt,
1631 1904 1726 1974 intel·

220 2023 322 2094 lectus
344 2041 421 2093 vero
443 2023 604 2113 possibilis
627 2024 659 2092 in
683 2023 823 2111 potentia
844 2022 1021 2091 essentiali.
1231 2112 1235 2119 Ι

304 2140 335 2207 t.
353 2139 398 2206 ld
420 2145 572 2228 quartum
596 2138 782 2220 dicendum,
806 2140 892 2229 qnod
908 2140 1068 2209 rationum
1084 2140 1292 2228 cognoscendi
1319 2139 1443 2228 duplex
1466 2146 1515 2209 est
1529 2138 1724 2209 differentia.

191 2330 200 2345 ,
216 2253 379 2340 Quaedam
394 2254 480 2322 enirn
503 2262 578 2323 sunt
593 2254 732 2353 rationes
747 2255 974 2342 cognoscendi,
996 2263 1170 2343 quaesunt
1192 2254 1316 2323 obiecto
1336 2255 1465 2323 virtutis
1487 2253 1725 2343 cognoscitivee

216 2375 248 2436 et
270 2368 393 2439 ducunt
417 2369 448 2437 in
471 2369 548 2452 alia,
572 2370 655 2439 sicut
677 2369 833 2459 principia
856 2378 932 2440 sunt
957 2370 1081 2440 obiecta
1103 2370 1282 2440 intellectus
1312 2379 1344 2440 et
1367 2370 1490 2440 ducunt
1518 2371 1549 2439 in
1572 2370 1723 2439 notitiam

216 2484 527 2568 conclusionum;et
551 2487 669 2556 inillis
700 2504 813 2556 verum
836 2494 899 2569 est,
923 2486 1010 2575 quod
1040 2506 1149 2570 omne,
1183 2496 1314 2577 propter
1343 2487 1430 2575 quod
1465 2486 1725 2575 unumquodque

217 2600 371 2683 alterurn,
393 2609 425 2671 et
448 2602 528 2672 illud
553 2602 689 2690 magis'.
712 2603 797 2672 ¹lliae
820 2612 895 2675 sunt
917 2604 1056 2675 rationes
1083 2604 1307 2692 cognoscendi,
1338 2622 1422 2693 quae
1444 2622 1511 2672 noo
1532 2612 1614 2671 sont
1633 2602 1721 2672 odie

218 2728 296 2800 cur,
312 2721 368 2789 sed
393 2727 517 2789 tantum
533 2721 644 2789 medic
660 2722 691 2791 io
714 2720 852 2790 alterum
875 2721 1041 2804 ducentia,
1064 2721 1147 2791 sicut
1169 2721 1291 2811 species
1313 2738 1425 2789 rerum
1448 2719 1647 2790 sensibilium
1654 2745 1665 2803 ;
1689 2730 1723 2790 et

216 2831 304 2926 [non]
329 2837 543 2918 innotescunt,
577 2838 637 2907 nisi
660 2837 692 2907 in
715 2845 871 2926 quantum
888 2838 1012 2908 ducunt
1034 2838 1066 2907 in
1090 2838 1167 2921 dlia3
1189 2845 1222 2908 et
1244 2837 1290 2907 sic
1312 2854 1347 2907 se
1367 2837 1464 2907 babet
1487 2837 1546 2906 lux
1568 2844 1721 2920 aeterua,

216 2971 299 3040 quae
321 2972 389 3021 noo
411 2962 460 3021 est
482 2953 519 3022 io
540 2955 598 3023 oio
614 2953 774 3023 obiectum
789 2955 944 3025 mentium
961 2956 1192 3038 humanarum,
1208 2955 1264 3025 sed
1277 2955 1385 3023 lumen
1402 2960 1526 3023 tantum
1547 2953 1724 3024 ostendens

213 3070 381 3138 veritatem
405 3068 667 3157 intelligibilium
691 3070 774 3140 sicul
797 3072 904 3141 lumen
930 3072 1033 3141 solare
1056 3090 1119 3141 non
1142 3072 1268 3159 attingit
1292 3070 1397 3151 visus,
1420 3069 1481 3140 nisi
1504 3069 1537 3139 in
1560 3076 1722 3158 quantum

213 3182 459 3274 superfunditur
492 3187 590 3255 rebus
614 3186 801 3256 visibilibus
827 3187 918 3274 Quod
953 3195 1060 3257 autem
1085 3187 1141 3256 lux
1167 3188 1276 3256 divina
1297 3186 1406 3274 aliquo
1427 3186 1523 3256 modo
1557 3185 1656 3255 lateat
1687 3193 1721 3255 et

213 3303 321 3392 aliquo
344 3303 439 3373 modo
462 3310 577 3391 pateat,
600 3303 778 3373 ostenditur
800 3322 858 3392 per
881 3305 1103 3390 augustinum,
1126 3303 1282 3373 dicentem
1306 3302 1447 3372 secundo
1469 3302 1510 3372 de
1534 3302 1648 3371 bibero
1664 3303 1720 3370 lr-

214 3418 347 3487 bitri0³z
385 3418 510 3488 «Nullo
534 3420 628 3487 modo
659 3420 843 3506 negaveris,
874 3438 943 3488 esse
968 3419 1258 3489 incommutabilem
1290 3420 1455 3488 veritatem
1487 3420 1720 3503 haecomnia,

213 3554 296 3624 quae
312 3534 613 3604 incommutabiliter
637 3554 712 3604 vera
727 3543 816 3617 sunt,
840 3536 1067 3619 continentem,
1088 3555 1185 3625 quam
1209 3556 1271 3605 non
1294 3536 1397 3624 possis
1412 3536 1519 3605 dicere
1541 3554 1647 3605 meam
1665 3556 1706 3606 ve

213 3657 321 3731 tuam,
354 3650 412 3719 sed
435 3651 584 3719 omnibus
607 3651 876 3720 incommutabilia
899 3669 976 3720 vera
1008 3653 1212 3721 cernentibus
1235 3660 1387 3741 tanquam
1421 3651 1512 3720 miris
1543 3651 1648 3721 modis
1671 3672 1723 3722 se

212 3776 336 3835 cretum
359 3775 391 3835 et
413 3766 577 3856 publicum
602 3767 705 3835 locum
730 3776 857 3855 praesto
878 3786 948 3837 esse
961 3797 992 3834 ι.
1016 3768 1096 3837 llaec
1118 3768 1322 3855 Augustinus

303 3887 332 3952 b.
349 3884 393 3952 nd
417 3884 564 3971 quintum
587 3883 776 3965 dicendum,
800 3884 886 3975 quod
910 3883 1045 3971 cognitio
1066 3884 1213 3952 absoluta
1235 3892 1285 3953 est
1306 3893 1379 3953 ante
1402 3884 1612 3971 cognitionem
1634 3902 1723 3953 com·

212 4006 356 4087 paratam
380 4000 413 4067 in
437 3999 488 4068 bis
510 4017 594 4088 quae
616 4000 787 4069 ostendunt
810 4019 845 4070 se
868 4009 904 4069 ul
926 4000 1057 4083 obiecta,
1074 4006 1111 4068 ut
1126 4001 1157 4068 in
1173 3999 1352 4088 principiis3
1377 4000 1409 4069 in
1424 3999 1495 4069 aliis
1517 4007 1625 4068 autem
1642 4018 1721 4069 non.

214 4116 306 4197 Item,
322 4116 450 4185 videtur
473 4117 579 4186 dicere
603 4118 809 4204 Augustinus,
833 4117 919 4207 quod
943 4124 1099 4207 quantum
1115 4117 1156 4185 ad
1179 4116 1304 4206 aliquas
1324 4121 1534 4205 proprietates
1559 4132 1640 4185 suec
1663 4135 1721 4185 na-

212 4240 304 4303 turae
327 4233 412 4303 Deus
435 4241 484 4302 est
505 4235 625 4303 certius
647 4235 792 4321 cognitus
815 4235 845 4303 in
870 4233 921 4302 via
944 4253 1040 4323 quam
1061 4241 1222 4315 creatura3
1246 4233 1334 4301 unde
1354 4239 1466 4301 octavo
1481 4232 1522 4301 de
1545 4230 1731 4317 Trinitate,

211 4350 351 4437 capitulo
373 4349 507 4419 octavo⁴
529 4332 619 4419 dicit:
649 4351 772 4431 «Ecce,
796 4351 912 4439 inquit,
937 4350 999 4418 iam
1028 4357 1133 4438 potest
1155 4350 1256 4419 Deum
1281 4349 1436 4418 notiorem
1465 4346 1584 4418 babere
1615 4368 1720 4439 quam

211 4467 357 4548 iratrem;
381 4467 475 4557 plane
498 4468 670 4549 notiorem,
695 4467 770 4557 quia
799 4468 1069 4556 praesentiorem3
1093 4466 1266 4549 notiorem,
1290 4467 1365 4555 quia
1388 4465 1587 4548 interiorem3
1620 4466 1724 4537 notio

211 4601 299 4666 rem,
322 4583 398 4673 quia
421 4582 590 4652 certiorem
605 4608 637 4649 ι.
1428 4580 1432 4585 ’

302 4903 311 4937 ¹
332 4901 395 4970 (lup.
409 4905 433 4956 8.
448 4918 472 4956 n.
492 4903 534 4967 lb,
553 4902 598 4955 ubi
618 4903 659 4954 cvl.
679 4905 873 4969 oprrmlugnsr.
893 4905 919 4957 ln
939 4906 988 4957 bor
1008 4912 1076 4957 textu
1097 4902 1173 4955 tuln-v
1192 4917 1271 4972 quem
1291 4900 1330 4957 tv'o
1348 4899 1496 4972 intelligere
1508 4916 1559 4968 pro
1572 4916 1657 4973 quem
1672 4918 1723 4961 ros

211 4999 369 5071 intelligitis,
389 5012 414 5056 et
433 5000 595 5071 intelligitur
612 5002 669 5053 loco
688 5000 819 5071 inlelligit.

299 5099 446 5167 ’Ariston
466 5101 483 5155 l.
503 5102 599 5153 Poster.
619 5114 642 5153 c.
662 5101 686 5153 2.

300 5197 394 5265 ³Cnp.
417 5200 456 5252 li.
477 5213 501 5252 n.
522 5199 564 5252 ³3.

301 5297 406 5353 ‘Nunc
432 5299 470 5353 li.
