3870 6488
212 385 252 432 xx
821 379 1060 431 commonens.

291 507 350 570 t'lt.
374 504 512 582 monartio
533 503 689 586 rb'sputnto
709 504 762 567 Fr.
784 502 910 587 llogcrir'
928 502 1064 585 Anglici.
1079 504 1135 566 llic
1149 504 1228 568 alius
1249 512 1295 569 cst
1316 522 1333 568 a
1355 505 1557 568 celeberrimo
1572 505 1711 568 eiustlem

209 614 347 690 Ordinis,
369 613 500 675 nationis
521 619 552 674 et
572 612 686 674 sacculi
714 613 876 689 magistro,
907 612 1037 689 llogerio
1068 612 1186 675 scilicet
1217 613 1336 689 Baccn,
1358 619 1388 675 ct
1410 620 1538 676 necat-nr
1561 610 1714 693 Rogemus

211 721 351 783 llio-rctnn
374 717 540 800 (blerston).
563 719 679 781 Florali
700 726 769 798 post
796 719 931 780 metlium
960 718 1117 781 saeculnm
1148 718 1228 796 lilll;
1249 719 1361 781 stucliis
1383 719 1503 781 uacauit
1526 716 1660 781 l’orr'sr'is
1682 726 1713 781 ct

211 827 389 890 cathedram
411 827 542 888 obtinuit
565 823 700 899 (laonii,
722 826 760 889 ab
781 825 973 889 Ecetestnnto
995 833 1173 888 muneratus
1194 826 1299 888 erclinc
1321 827 1461 889 (lecimus
1475 833 1581 889 sextus
1603 826 1712 889 ‹loctor

211 950 249 996 ex
271 932 383 996 Ordine
407 934 567 995 llinorum.
588 933 794 1014 Waclclingns‚
824 934 985 1010 Sbaralea,
1017 934 1176 997 Fabricius
1208 952 1267 996 non
1290 935 1405 997 iaciunt
1426 935 1492 997 cius
1514 935 1710 999 mentionem.

210 1040 276 1103 Non
298 1040 445 1103 rnerlioc-ri
468 1041 588 1121 ingenio
610 1048 640 1102 et
661 1040 800 1104 electrina
814 1058 883 1105 eum
900 1040 1072 1121 praeditum
1095 1042 1200 1118 luisse,
1221 1041 1286 1104 sela
1309 1042 1447 1122 geraestio
1469 1041 1591 1105 anobis
1613 1041 1713 1122 publi-

212 1157 279 1212 cata
294 1150 368 1212 satis
385 1150 572 1226 manifestat,
593 1149 623 1211 in
645 1168 706 1230 qna
727 1157 832 1212 notantu
853 1150 978 1228 ‹tignnrn
1001 1148 1121 1212 ricletur
1137 1149 1167 1212 tu
1182 1149 1265 1230 qnod
1280 1150 1396 1229 prolert
1417 1148 1598 1229 exponendo
1616 1149 1713 1212 libros

212 1254 240 1318 S.
262 1256 421 1336 Augustini
451 1262 481 1317 et
509 1256 711 1337 explicando,
733 1274 794 1337 qno
820 1256 911 1319 morlo
934 1258 1014 1319 lleus
1045 1264 1176 1318 mentem
1199 1255 1350 1319 illuminat
1370 1255 1540 1319 secundum
1570 1256 1738 1318 orclinem'

210 1362 390 1426 naturalem.
412 1364 481 1443 lpse
502 1381 562 1426 non
585 1364 742 1441 correerlit,
764 1364 823 1426 lrnc
844 1364 910 1427 ticri
932 1364 1035 1444 aliquo
1064 1380 1143 1425 noro
1175 1363 1289 1426 lumine
1311 1371 1432 1439 create,
1454 1362 1598 1425 distincto
1621 1379 1638 1424 a
1660 1380 1714 1442 po·

213 1469 305 1533 terntia
328 1469 541 1544 intellectuali,
562 1471 820 1551 ‹premarlrnoclum
842 1476 1027 1552 putaverunt
1049 1471 1096 1532 Fr.
1118 1470 1288 1533 blatthaens
1310 1470 1349 1531 ab
1375 1471 1568 1550 Aqrrarsparta
1600 1477 1630 1533 et
1661 1471 1712 1532 Fr.

170 1568 173 1573 ’
212 1576 405 1640 Eustaclrins.
428 1578 581 1640 Sententia
603 1577 680 1639 haec
701 1578 838 1657 lingerii,
860 1578 891 1639 ni
907 1577 1054 1651 tollimur,
1069 1576 1188 1639 lucilius
1203 1576 1347 1656 cnrnponi
1362 1583 1461 1656 potest
1476 1593 1547 1640 eum
1568 1577 1714 1639 electrina

212 1682 241 1745 S.
262 1684 396 1746 Tlromae
417 1685 460 1765 (in
482 1685 586 1746 Boetlr.
609 1684 647 1746 cle
668 1686 748 1747 Trin.
771 1703 800 1765 q.
824 1689 851 1746 l.
873 1702 900 1747 a.
923 1684 974 1764 t).

291 1789 433 1864 eraestic
448 1791 524 1854 llaec
541 1792 722 1871 transcripta
743 1800 788 1853 est.
809 1808 847 1854 en
868 1791 975 1854 coelice
998 1790 1136 1854 biblioth.
1159 1792 1380 1854 laurentianae
1401 1790 1613 1872 (Florentino)
1633 1792 1712 1869 sign.

214 1917 243 1962 n.
265 1901 344 1973 tao,
365 1899 419 1979 epu
441 1900 610 1962 correctius
630 1899 720 1961 solite
741 1906 884 1962 exaratus
905 1906 959 1962 est.
983 1898 1024 1961 lbi
1047 1899 1096 1961 lol.
1119 1903 1185 1960 lttb.
1218 1898 1256 1960 cle
1277 1898 1448 1978 cognitione
1476 1898 1610 1960 lnrmana
1642 1905 1714 1961 sum

213 2006 270 2068 hae
293 2022 401 2069 nerem
422 1984 626 2087 (praescientes,
648 2007 686 2068 ab
708 2006 768 2069 bec
789 2014 915 2070 auctore
935 2007 1143 2087 cnrnpositae:

292 2119 319 2176 t.
342 2113 449 2176 Utrum
470 2114 571 2176 anima
602 2120 767 2192 cognoseat
787 2129 820 2176 se
854 2120 884 2175 et
913 2113 1035 2176 lnalritns
1065 2130 1138 2175 snos
1159 2128 1215 2194 per
1236 2112 1399 2176 essentiam
1422 2113 1518 2194 ipsius
1539 2113 1659 2175 anrtnnne
1682 2120 1713 2175 et

212 2220 387 2295 lrabituurn,
409 2220 456 2282 rcl
478 2237 533 2300 per
554 2220 645 2283 aliam
667 2220 801 2300 speciem
824 2220 862 2283 alr
884 2221 929 2282 eis
949 2220 1149 2282 dillerentem.

291 2332 319 2390 9.
341 2327 449 2390 Utrurn
471 2328 572 2390 anima
594 2326 740 2407 intelligat
762 2327 928 2405 singularia
949 2326 1137 2390 naturaliter.

292 2440 319 2497 5.
342 2435 448 2497 Utrum
470 2434 588 2510 omnia,
610 2450 689 2514 quae
710 2434 810 2497 anima
833 2434 1005 2511 cognoscit,
1027 2441 1192 2513 cognoscat
1214 2435 1244 2496 in
1267 2435 1335 2497 luce
1358 2441 1491 2511 aeterna,
1519 2450 1556 2496 nu
1578 2434 1714 2498 sutliciat

212 2540 270 2602 sibi
292 2540 345 2602 lnx
366 2540 514 2602 mrturalis
535 2548 564 2602 et
586 2541 711 2620 propria
732 2541 771 2604 nu
792 2548 894 2603 cetera
916 2540 1137 2617 cognoscenda.

291 2652 320 2710 l.
342 2647 449 2709 Utrum
470 2647 571 2710 anima
593 2647 779 2710 illuminetur
799 2664 816 2710 a
839 2647 903 2709 selo
924 2648 995 2710 Deo.

292 2760 320 2817 a.
343 2755 450 2816 Utrum
470 2771 527 2834 per
549 2754 784 2817 illuminationes
806 2760 906 2833 potest
928 2754 1077 2833 prolicere
1100 2755 1129 2816 in
1152 2754 1312 2817 inlinitum.

292 2867 320 2924 o.
342 2861 450 2923 Utrum
473 2862 502 2923 in
525 2860 781 2942 contomplatione
802 2878 857 2940 per
879 2860 1115 2924 illuminationes
1137 2861 1166 2922 in
1188 2878 1221 2923 se
1243 2869 1383 2943 receptas
1404 2863 1473 2942 plus
1494 2863 1639 2927 nscernlat
1653 2880 1714 2943 per

212 2968 353 3031 allectum
376 2984 467 3048 qnam
489 2985 545 3048 per
567 2944 762 3030 intellectum.

294 3082 320 3139 ¹1.
342 3075 450 3138 Utrum
472 3076 571 3137 anima
595 3075 750 3137 rationalis
771 3075 810 3136 sit
831 3074 1019 3138 immortalis.

292 3188 320 3245 8.
342 3182 450 3244 Utrum
471 3182 572 3245 aurima
592 3182 737 3245 sensitiva
758 3182 894 3261 specics,
915 3182 1028 3262 quibus
1042 3183 1213 3261 cognoscit,
1236 3184 1346 3264 recipit
1367 3183 1406 3247 alr
1421 3191 1521 3258 entra,
1539 3184 1587 3246 rel
1601 3185 1716 3249 lonnet

212 3306 265 3352 eas
287 3308 316 3351 nn
338 3306 372 3351 se
393 3306 468 3370 ipsa.

292 3400 320 3460 9.
343 3398 450 3460 Utrum
471 3398 606 3477 species,
628 3397 741 3477 utribus
762 3413 846 3459 rncns
868 3396 1022 3475 intelligit,
1045 3399 1167 3460 veniant
1195 3399 1224 3460 in
1258 3398 1445 3461 intellectum
1467 3416 1484 3460 a
1506 3401 1599 3463 rebus
1620 3406 1711 3465 extra

212 3505 355 3579 animam,
378 3504 426 3568 rel
451 3504 524 3566 liant
545 3504 584 3566 cle
606 3505 672 3584 ipsa
693 3505 803 3567 anima.

293 3611 356 3674 Fol.
379 3614 426 3671 til.
448 3617 532 3673 recto
555 3627 662 3673 norem
685 3610 763 3673 aliae
784 3610 921 3673 eiusdem
943 3611 1136 3690 qtraestiones
1158 3611 1329 3675 lrabentur:

294 3724 321 3782 l.
343 3718 450 3781 Utrum
473 3717 576 3781 clirina
598 3718 728 3781 essentia
750 3718 789 3780 sit
811 3716 885 3780 illud
906 3735 967 3799 qno
988 3719 1164 3798 praecipue,
1186 3719 1251 3781 sive
1281 3727 1313 3781 ut
1340 3719 1381 3782 ita
1403 3719 1503 3782 (licam
1523 3719 1717 3801 formaliter,

213 3828 252 3890 sit
273 3827 371 3889 omnis
393 3826 555 3907 productio
578 3826 608 3888 in
629 3826 750 3889 (lirinis.

293 3940 321 3998 8.
343 3935 524 4016 Supposito‚
545 3934 627 4015 (ruod
651 3933 812 4013 productio
834 3935 980 4014 primaria
1001 3935 1173 3997 necessario
1195 3935 1323 3998 includit
1345 3936 1509 4012 notionem,
1531 3935 1714 4016 (macrian,

212 4060 293 4125 quac
314 4050 360 4105 est
382 4042 432 4105 illa
453 4042 626 4122 productio.

293 4157 321 4214 3.
343 4150 451 4212 Utrum
472 4148 604 4226 origines
626 4148 746 4211 diuinae
761 4149 821 4210 sint
835 4149 953 4228 priores
968 4148 1165 4212 relationibus
1186 4166 1242 4212 nec
1257 4150 1360 4229 aliquo
1376 4149 1467 4211 modo
1480 4150 1714 4228 utsrtngnentes.

293 4262 321 4319 l.
344 4258 451 4319 Utrum
473 4256 574 4319 divina
598 4256 749 4319 emanatio
770 4273 826 4337 per
847 4263 1003 4319 creaturas
1025 4257 1073 4319 rel
1095 4256 1183 4319 aliter
1204 4264 1303 4337 potest
1325 4257 1443 4319 ostendi
1464 4257 1659 4320 sullicienter.

197 4366 207 4389 ”
293 4370 321 4428 5.
344 4365 451 4427 Utrum
474 4363 643 4426 essentialis
664 4371 767 4441 actm,
789 4380 851 4444 qrrc
878 4371 1019 4426 creatura
1051 4364 1250 4444 producitur,
1277 4371 1507 4446 praesupponat
1539 4365 1714 4429 necessario

213 4472 360 4551 originem
382 4471 577 4534 intrinsecam
599 4486 810 4550 personarum.

293 4581 321 4639 o.
343 4578 449 4640 Utrum
473 4578 501 4639 in
524 4577 635 4639 [lirinis
657 4576 789 4640 Verbum
812 4575 925 4639 dicitnr
946 4577 1146 4640 essentialiter
1168 4578 1214 4641 rel
1237 4578 1440 4642 notionaliter.

294 4690 321 4747 7.
342 4685 449 4747 Utrum
482 4685 613 4764 Spiritus
643 4692 767 4746 sanetus
795 4685 892 4763 possit
922 4686 1122 4766 personaliter
1144 4702 1161 4748 a
1183 4686 1260 4748 Filio
1291 4686 1435 4767 ‹listingni
1467 4704 1523 4766 per
1556 4687 1713 4749 clirersum

214 4792 338 4854 moclurn
360 4791 502 4869 originis,
523 4808 616 4873 quem
638 4791 730 4854 lralret
751 4790 846 4853 Filius
867 4798 897 4853 ct
918 4791 1049 4872 Spiritus
1069 4800 1193 4856 sanctus
1215 4809 1232 4855 a
1254 4794 1342 4856 Patre
1362 4793 1437 4855 solo.

296 4903 325 4961 8.
347 4900 455 4962 Utrum
476 4899 516 4961 sit
537 4899 567 4960 in
589 4898 678 4961 nobis
698 4899 834 4962 etelectus
856 4898 967 4979 aliquis
983 4901 1107 4962 reniens
1127 4917 1184 4980 per
1204 4901 1361 4979 originem.

293 5010 321 5067 e.
344 5006 449 5068 Utrum
472 5007 563 5068 lrornn
586 5023 623 5069 cx
645 5006 731 5086 puris
753 5006 942 5068 naturalibus
962 5008 1059 5087 pessit
1080 5008 1241 5087 acquirere
1262 5007 1474 5071 rectiturlinern
1497 5009 1670 5071 voluntatis.

294 5113 325 5174 ln
346 5112 453 5175 euclem
476 5111 582 5175 coelice
603 5121 674 5174 sunt
695 5113 757 5176 uno
778 5113 898 5193 Rogerii
920 5102 1103 5195 quodlibeto.
1118 5114 1252 5176 Prirnnm
1268 5116 1420 5177 inuenitur
1434 5116 1526 5179 etiam
1551 5116 1579 5177 in
1603 5115 1713 5179 coelice

214 5219 340 5283 membr.
364 5219 392 5280 in
416 5218 464 5281 lel.
486 5235 566 5282 saec.
589 5219 663 5282 Xlll.
685 5219 824 5281 biblioth.
846 5216 1028 5282 roselensis
1051 5220 1092 5301 (S.
1115 5218 1235 5301 trane.)
1257 5222 1333 5299 sign.
1352 5225 1418 5296 158,
1437 5223 1488 5303 (pn
1512 5223 1585 5284 loris
1607 5222 1714 5284 inscri-

214 5328 297 5391 bitur
328 5326 364 5390 cle
396 5323 581 5400 uirtutibus,
612 5326 666 5389 sed
687 5343 871 5409 perperam3
899 5328 1033 5391 continet
1054 5328 1135 5392 enim
1163 5328 1298 5410 plurium
1328 5336 1487 5395 atrclorum
1516 5330 1711 5410 qrnacstienes
