3870 6488
793 818 798 827 ·
845 820 891 866 ru.
919 819 1086 866 ursianam.
1356 790 1359 795 ’
1654 802 1712 867 lat

216 941 264 1007 vel
290 941 502 1022 intellectum,
525 942 581 1008 sed
606 941 784 1010 intellectus
807 961 865 1010 sua
889 943 1006 1010 virtute
1030 943 1103 1011 latuit
1125 952 1157 1011 et
1180 944 1295 1010 lornud
1309 942 1330 1008 ¹.
1357 943 1433 1009 lluio
1457 943 1629 1011 sententiae
1655 944 1712 1009 lu·

214 1059 361 1143 gostinus
394 1059 564 1125 eoruordat
599 1058 631 1126 in
665 1058 907 1125 auctoritalilms
941 1059 1088 1126 adductis
1113 1060 1144 1125 in
1166 1060 1372 1146 opporrendm
1407 1060 1577 1126 corrasordat
1601 1059 1712 1126 nillilo

215 1173 322 1241 rninus
344 1174 566 1262 Philosophus:
590 1182 621 1241 et
646 1175 717 1242 ideo
741 1175 815 1242 larue
838 1174 983 1262 positioni
1007 1175 1048 1243 ad
1072 1193 1223 1262 praesens
1248 1175 1417 1242 adhaereo.

304 1292 348 1360 ad
371 1299 560 1378 argumenta
584 1294 615 1359 in
639 1293 836 1360 contrarium
860 1293 950 1361 laeile
973 1302 1021 1361 est
1044 1295 1248 1381 respondere.

303 1411 348 1477 ld
376 1414 402 1476 l.
426 1411 511 1490 dico,
527 1410 613 1496 qrmd
630 1411 670 1478 de
693 1410 956 1479 similitudinibus
971 1429 1142 1497 curatorum
1160 1429 1330 1497 possumus
1349 1410 1432 1497 loqui
1458 1411 1586 1478 dndms
1603 1410 1713 1477 modis.

220 1526 291 1593 [lato
306 1526 403 1593 ruodo
419 1532 454 1594 ut
470 1544 604 1613 corpora
620 1533 709 1605 suut,
725 1533 835 1613 utpote
851 1526 911 1594 sub
928 1526 1124 1594 dimensione
1147 1527 1290 1612 signala²
1313 1534 1343 1594 et
1368 1527 1482 1594 ceteris
1498 1526 1716 1594 accidentibus

214 1641 451 1728 corgunalibus3
474 1649 506 1709 el
528 1643 588 1709 lroc
612 1641 706 1708 anulo
730 1642 803 1709 illae
827 1648 944 1728 paules,
961 1660 1043 1728 qnae
1060 1641 1177 1708 talilms
1194 1642 1385 1727 imaginibus
1401 1642 1623 1723 inlormantur,
1640 1648 1715 1709 sunt

214 1776 400 1826 corrrumnes
422 1759 513 1825 nollis
535 1777 608 1826 cunr
632 1758 759 1837 lrestiis;
783 1767 814 1825 et
838 1759 891 1825 illa
916 1757 981 1838 uis,
1004 1776 1087 1844 lauare
1112 1758 1251 1827 maxime
1268 1758 1318 1824 liis
1333 1758 1522 1844 deriutalur,
1546 1764 1594 1825 est
1618 1757 1716 1842 pluan-

217 1876 309 1956 cusia,
324 1892 421 1961 quam
439 1874 653 1961 duguslinus³
670 1881 761 1942 vocat
776 1875 944 1960 spiritum.
971 1874 1046 1941 [llio
1063 1874 1159 1940 ruodo
1176 1892 1346 1960 possuunrs
1371 1874 1455 1961 lingui
1481 1874 1520 1941 de
1545 1892 1714 1960 cormirum

215 1990 477 2057 simililmlinilurs
509 1997 544 2057 ut
566 1989 735 2057 abstractis
757 2009 777 2057 a
799 1990 1060 2069 dimensionilms,
1086 1990 1213 2076 ligura⁴
1248 1999 1279 2058 ot
1303 1990 1507 2071 lruiusmodi,
1531 2000 1562 2058 ot
1588 1991 1717 2056 ‹rrrrnino

215 2106 304 2175 lactis
327 2105 494 2174 intellectis
517 2106 547 2172 in
571 2113 655 2173 actu.
681 2106 716 2173 Et
740 2110 816 2173 tunc
831 2104 918 2187 dico,
943 2106 1028 2193 quod
1047 2106 1225 2174 intellectus
1241 2106 1431 2173 informatur
1448 2105 1712 2174 similitudinibus

215 2240 398 2309 corporum.
580 2202 583 2207 ’

304 2337 348 2406 :ld
372 2340 402 2404 ⁰2.
426 2336 616 2417 dicendum,
639 2337 725 2423 quod
750 2336 919 2422 diligenter
947 2336 1158 2405 consideranti
1194 2337 1309 2405 seriem
1336 2337 1508 2405 verborum
1535 2337 1635 2405 sancti
1660 2338 1717 2403 ‚lu-

215 2454 332 2539 gustini
355 2453 406 2520 illa
430 2453 604 2521 auctoritas
628 2453 729 2538 intigis
751 2458 799 2521 est
822 2453 863 2519 ad
885 2452 1066 2539 oppositum
1090 2473 1188 2541 qrraur
1211 2455 1252 2521 ad
1277 2454 1485 2541 propositum.
1523 2454 1597 2521 Vult
1630 2455 1713 2520 enim

216 2569 322 2638 dicere
356 2571 507 2649 dinetus,
543 2569 629 2655 <ruod
662 2570 799 2651 animus,
835 2570 888 2657 riui
923 2570 1084 2638 adamarit
1105 2590 1257 2658 corpora,
1284 2571 1378 2637 veltet
1413 2570 1499 2637 intus
1530 2571 1614 2638 lerre
1650 2588 1716 2637 cor·

216 2704 295 2773 pora
321 2686 398 2772 ipsa,
420 2704 504 2772 utrae
527 2685 705 2766 adamarit,
736 2686 768 2753 in
799 2687 960 2771 regionem
985 2687 1189 2773 incorporeae
1221 2695 1368 2769 naturae,
1393 2687 1453 2754 lroc
1475 2694 1523 2755 est
1552 2688 1582 2753 in
1613 2686 1713 2773 ipsam

215 2810 365 2871 latentem.
389 2803 449 2871 Sed
474 2822 535 2870 non
560 2809 680 2890 polest;
711 2809 743 2871 et
777 2802 847 2871 ideo
883 2802 1036 2889 imagines
1070 2821 1241 2890 corporum
1273 2804 1433 2871 convolvit
1456 2810 1487 2870 et
1511 2803 1594 2888 rapit
1618 2803 1716 2869 laetas

214 2918 251 2985 iu
273 2940 323 2999 ae,
347 2920 387 2987 de
407 2940 441 2986 se
464 2958 508 2969 —
532 2920 579 2987 vis
601 2925 710 2986 ataleni
736 2918 806 3000 illa,
830 2938 913 3005 qliae
937 2919 1089 3004 deputata
1112 2926 1160 2987 est
1187 2920 1303 2987 talibus
1327 2920 1535 3006 imaginibus,
1551 2926 1600 2987 est
1615 2918 1713 3005 plaan-

215 3037 311 3118 tasia,
334 3055 431 3123 qrrarn
455 3037 649 3123 ‚largustinus
673 3043 763 3103 vireat
785 3035 946 3121 spiritu-ur
969 3073 1013 3084 -
1036 3035 1134 3119 igitur
1158 3037 1256 3104 laetas
1291 3037 1330 3102 de
1352 3056 1402 3116 ee,
1427 3037 1488 3104 lroc
1512 3043 1560 3105 est
1583 3036 1623 3104 de
1648 3054 1711 3103 rue

216 3152 319 3219 moria
340 3152 551 3239 plrarrtastica,
574 3152 630 3219 ulai
656 3152 733 3219 tales
757 3150 910 3236 imagines
932 3159 1179 3231 conservantur3
1204 3151 1239 3217 iu
1262 3171 1318 3231 se,
1342 3152 1402 3219 lroc
1425 3157 1474 3219 est
1501 3151 1532 3218 in
1550 3150 1714 3218 intellectu

217 3268 357 3355 possibili
381 3286 439 3355 por
462 3268 614 3335 virurtern
637 3267 768 3354 agentis.
794 3267 826 3334 ld
851 3273 979 3345 antem,
1002 3266 1089 3352 quod
1119 3266 1177 3333 dut
1211 3266 1258 3334 eis
1292 3266 1483 3347 diruendis,
1508 3272 1556 3333 est
1582 3265 1715 3351 ipsemet

219 3383 396 3453 intellectus
419 3383 596 3470 possibilis,
620 3401 682 3448 non
707 3382 790 3449 sicut
814 3382 997 3461 rosteriam,
1021 3388 1057 3448 ul
1091 3381 1130 3447 de
1163 3400 1228 3468 qua
1251 3381 1301 3449 vel
1324 3402 1364 3447 ec
1386 3399 1450 3467 qna
1474 3382 1573 3461 liant,
1597 3380 1653 3449 sed
1680 3380 1716 3446 iu

216 3519 302 3588 qua,
326 3499 410 3568 sicut
431 3499 549 3568 dicitur
572 3498 751 3566 subiectum
776 3498 847 3565 dari
871 3496 1046 3565 lorrnandis
1080 3497 1306 3565 aroldonuous
1332 3497 1364 3565 ld
1389 3498 1475 3585 qrriid
1496 3505 1628 3576 serunt,
1652 3516 1716 3584 qaia

217 3617 258 3685 de
281 3616 399 3683 talibus
422 3614 615 3700 imaginibus
639 3614 776 3693 iudicet,
800 3620 849 3680 est
873 3631 962 3679 ruens
985 3613 1051 3681 sire
1075 3612 1297 3698 intelligentia,
1322 3630 1403 3699 quae
1427 3613 1579 3681 discernit
1612 3632 1666 3681 eas
1696 3632 1716 3679 a

217 3731 323 3798 relius
350 3731 386 3797 Et
409 3729 484 3797 huic
506 3730 676 3796 concordat
700 3736 809 3796 textus
832 3746 977 3814 sequens.
1002 3728 1152 3814 Seurritur
1175 3729 1274 3809 enirn,
1298 3728 1384 3815 quod
1409 3728 1481 3797 illae
1498 3736 1617 3816 partes,
1632 3748 1715 3815 quae

217 3847 335 3914 talibus
359 3846 550 3931 imaginibus
574 3846 803 3925 informantur,
829 3850 903 3912 sunt
926 3843 1017 3911 nobis
1039 3862 1226 3912 conmmnes
1248 3863 1321 3912 curn
1345 3845 1525 3931 peroribus.

306 3962 337 4031 3.
361 3963 393 4030 la.
418 3964 447 4029 a.
472 3962 513 4030 ‚ld
539 3980 650 4029 omnes
673 3960 752 4028 alias
786 3960 990 4027 auctoritates
1024 3960 1189 4046 ,largustini
1214 3966 1299 4047 patet
1322 3961 1486 4047 responsio
1510 3980 1567 4047 pur
1591 3961 1717 4028 solutio

216 4096 290 4148 nem
314 4077 532 4166 principalem.

307 4196 338 4261 ll.
362 4192 407 4261 ld
429 4192 649 4260 alletoritatem
675 4192 813 4279 lingonis
836 4192 896 4259 diri
923 4199 1041 4278 posset,
1070 4192 1156 4278 quod
1182 4192 1248 4279 ipso
1272 4192 1415 4279 loquitur
1439 4194 1576 4261 recitans
1599 4192 1717 4281 opinio

217 4328 292 4379 nem
314 4310 629 4397 pythagoraeam
653 4308 760 4377 uerbis
783 4309 851 4376 suis
873 4308 958 4377 elicit
974 4307 1183 4389 intellectum,
1200 4308 1254 4395 (μή
1273 4315 1374 4394 potest
1390 4309 1463 4377 inde
1487 4308 1602 4376 saniori
1621 4309 1715 4376 modo

218 4427 345 4506 lialieri;
369 4445 431 4494 non
456 4434 560 4494 tanton
586 4426 726 4512 loquitur
750 4431 901 4511 tanquam
925 4442 1072 4491 asserens
1094 4430 1126 4491 el
1149 4431 1297 4493 astruens
1320 4424 1452 4491 incudum
1467 4423 1567 4490 illurn.
1591 4462 1635 4471 -
1659 4424 1715 4491 Vel

218 4548 325 4631 possa
347 4541 407 4609 dici
423 4594 431 4623 ,
448 4542 543 4628 quod,
568 4548 603 4608 ul
626 4541 746 4608 dictum
771 4547 836 4620 est,
859 4540 936 4608 dicit
952 4559 1014 4606 non
1037 4539 1190 4608 aduenire
1204 4540 1246 4607 ab
1261 4540 1457 4618 extrinseco,
1473 4538 1592 4605 seilicet
1608 4557 1716 4625 corpo

218 4676 291 4739 rea,
314 4665 465 4745 tanquam
490 4656 660 4737 alliciente,
677 4656 732 4724 sed
757 4656 863 4723 anima
888 4675 947 4723 sua
970 4656 1108 4743 [udentia
1131 4663 1163 4724 et
1188 4656 1216 4723 vi
1234 4656 1349 4735 natira,
1368 4655 1398 4721 id
1415 4660 1462 4722 est
1479 4654 1586 4722 innata
1603 4655 1712 4741 rapit⁵.

217 4772 255 4841 Et
267 4773 330 4841 'lioo
346 4773 414 4859 ipsi)
429 4772 515 4858 quod
533 4771 622 4852 dicit,
639 4772 693 4839 ilat
710 4773 839 4858 intelligi
865 4772 950 4860 quod
974 4792 1037 4839 non
1060 4772 1134 4840 lacit
1157 4772 1197 4839 de
1220 4790 1254 4839 se
1271 4771 1348 4857 ipsa,
1365 4772 1421 4840 sud
1445 4772 1574 4839 alirunle
1590 4772 1712 4858 sucipit.

307 4888 351 4956 ld
376 4891 406 4955 7.
431 4888 619 4956 dicendum:
644 4888 700 4955 el⁶
724 4888 877 4955 siruililer·
902 4907 935 4956 su
960 4889 1077 4955 lratbenl
1110 4895 1143 4954 et
1176 4886 1392 4954 ili-ssiruiliter.
1417 4888 1576 4955 Siruiiiter
1599 4908 1633 4956 se
1657 4889 1710 4954 lra-

216 5006 310 5086 lrent,
333 5004 419 5091 quod
444 5004 525 5072 sicut
550 5003 684 5071 materia
706 5011 754 5072 est
778 5004 808 5070 in
833 5004 990 5091 potentia,
1016 5003 1057 5070 ita
1081 5010 1113 5071 et
1136 5003 1315 5071 intellectus
1339 5002 1515 5090 possibilis,
1539 5012 1570 5071 et
1593 5004 1713 5071 rudlam

308 5218 315 5253 ¹
335 5218 387 5271 cu
405 5216 545 5286 insomuut.

306 5316 318 5350 ²
337 5314 472 5386 llfiguru.

306 5414 317 5448 ³
336 5414 405 5467 Ltlm
426 5414 478 5466 ΧΙΙ.
498 5413 531 5466 de
549 5416 641 5466 Genesi
660 5430 682 5466 e.
703 5414 727 5466 7.
748 5429 772 5465 n.
798 5415 834 5480 ld,
854 5422 879 5468 et
898 5428 920 5466 c.
945 5414 983 5467 lu.
1003 5429 1027 5466 n.
1048 5414 1088 5466 33,
1108 5412 1158 5465 Clr.
1178 5426 1257 5479 supra
1276 5426 1336 5479 pag.
1361 5414 1409 5465 139
1428 5421 1486 5468 nota
1507 5414 1531 5467 l.

309 5513 320 5550 ⁴
337 5511 357 5565 C
370 5512 391 5564 l)
409 5511 531 5582 signatis.

306 5609 458 5680 ⁵llcupt'l,
479 5616 506 5664 et
524 5625 583 5664 rrrox
601 5625 650 5677 pro
669 5609 731 5665 dicit
749 5613 842 5677 roortr‘t
860 5611 938 5680 cimil.

306 5709 319 5747 ⁶
337 5708 388 5764 (Il)
406 5710 479 5781 garud
497 5725 546 5778 pru
564 5713 595 5763 rl.
