<?xml version="1.0" encoding="UTF-8"?>
<!DOCTYPE html PUBLIC "-//W3C//DTD XHTML 1.0 Transitional//EN"
    "http://www.w3.org/TR/xhtml1/DTD/xhtml1-transitional.dtd">
<html xmlns="http://www.w3.org/1999/xhtml" xml:lang="en" lang="en">
 <head>
  <title>
</title>
<meta http-equiv="Content-Type" content="text/html;charset=utf-8" />
  <meta name='ocr-system' content='tesseract 3.04.00' />
  <meta name='ocr-capabilities' content='ocr_page ocr_carea ocr_par ocr_line ocrx_word'/>
</head>
<body>
  <div class='ocr_page' id='page_1' title='image "./dehumanaecognit00italgoog_0269.png"; bbox 0 0 3870 6488; ppageno 0'>
   <div class='ocr_carea' id='block_1_1' title="bbox 218 350 1144 432">
    <p class='ocr_par' dir='ltr' id='par_1_1' title="bbox 218 350 1144 432">
     <span class='ocr_line' id='line_1_1' title="bbox 218 350 1144 432; baseline -0.002 -10"><span class='ocrx_word' id='word_1_1' title='bbox 218 350 283 423; x_wconf 67' lang='lat'><strong>234</strong></span> <span class='ocrx_word' id='word_1_2' title='bbox 798 370 950 432; x_wconf 82' lang='lat' dir='ltr'><strong>cunasrvc</strong></span> <span class='ocrx_word' id='word_1_3' title='bbox 970 370 1144 422; x_wconf 76' lang='lat' dir='ltr'><strong>abnorme</strong></span> 
     </span>
    </p>
   </div>
   <div class='ocr_carea' id='block_1_2' title="bbox 212 495 1724 2098">
    <p class='ocr_par' dir='ltr' id='par_1_2' title="bbox 212 495 1724 2098">
     <span class='ocr_line' id='line_1_2' title="bbox 215 495 1723 588; baseline 0.001 -24"><span class='ocrx_word' id='word_1_4' title='bbox 215 502 270 564; x_wconf 92' lang='lat' dir='ltr'><strong>tur</strong></span> <span class='ocrx_word' id='word_1_5' title='bbox 292 495 481 567; x_wconf 76' lang='lat' dir='ltr'><strong><em>immediate</em></strong></span> <span class='ocrx_word' id='word_1_6' title='bbox 501 504 533 567; x_wconf 89' lang='lat' dir='ltr'><strong>et</strong></span> <span class='ocrx_word' id='word_1_7' title='bbox 555 497 725 577; x_wconf 85' lang='lat' dir='ltr'><strong>iutaitiuc,</strong></span> <span class='ocrx_word' id='word_1_8' title='bbox 749 497 805 565; x_wconf 89' lang='lat' dir='ltr'><strong>sed</strong></span> <span class='ocrx_word' id='word_1_9' title='bbox 830 514 887 585; x_wconf 90' lang='lat' dir='ltr'><strong>per</strong></span> <span class='ocrx_word' id='word_1_10' title='bbox 909 496 1046 585; x_wconf 88' lang='lat' dir='ltr'><strong>speciem</strong></span> <span class='ocrx_word' id='word_1_11' title='bbox 1071 497 1193 585; x_wconf 80' lang='lat' dir='ltr'><strong>lvgvvrae</strong></span> <span class='ocrx_word' id='word_1_12' title='bbox 1222 503 1254 566; x_wconf 89' lang='lat' dir='ltr'><strong>et</strong></span> <span class='ocrx_word' id='word_1_13' title='bbox 1277 495 1392 567; x_wconf 86' lang='lat' dir='ltr'><strong>coloris</strong></span> <span class='ocrx_word' id='word_1_14' title='bbox 1422 498 1605 588; x_wconf 81' lang='lat' dir='ltr'><strong>aquodam</strong></span> <span class='ocrx_word' id='word_1_15' title='bbox 1629 504 1723 567; x_wconf 87' lang='lat' dir='ltr'><strong>natu.</strong></span> 
     </span>
     <span class='ocr_line' id='line_1_3' title="bbox 216 612 1724 701; baseline 0.002 -22"><span class='ocrx_word' id='word_1_16' title='bbox 216 612 276 680; x_wconf 92' lang='lat' dir='ltr'><strong>rali</strong></span> <span class='ocrx_word' id='word_1_17' title='bbox 298 612 450 682; x_wconf 91' lang='lat' dir='ltr'><strong>instinctu</strong></span> <span class='ocrx_word' id='word_1_18' title='bbox 471 614 606 701; x_wconf 83' lang='lat' dir='ltr'><strong>concipit</strong></span> <span class='ocrx_word' id='word_1_19' title='bbox 622 614 727 700; x_wconf 89' lang='lat' dir='ltr'><strong>ipsum</strong></span> <span class='ocrx_word' id='word_1_20' title='bbox 750 612 916 682; x_wconf 92' lang='lat' dir='ltr'><strong>inimicum</strong></span> <span class='ocrx_word' id='word_1_21' title='bbox 930 613 951 679; x_wconf 90' lang='lat'><strong>¹.</strong></span> <span class='ocrx_word' id='word_1_22' title='bbox 968 612 1118 682; x_wconf 81' lang='lat' dir='ltr'><strong>Similiter</strong></span> <span class='ocrx_word' id='word_1_23' title='bbox 1134 613 1319 700; x_wconf 80' lang='lat' dir='ltr'><strong>esenvplum</strong></span> <span class='ocrx_word' id='word_1_24' title='bbox 1335 619 1384 683; x_wconf 89' lang='lat' dir='ltr'><strong>est</strong></span> <span class='ocrx_word' id='word_1_25' title='bbox 1400 614 1432 682; x_wconf 93' lang='lat' dir='ltr'><strong>in</strong></span> <span class='ocrx_word' id='word_1_26' title='bbox 1448 614 1619 685; x_wconf 88' lang='lat' dir='ltr'><strong>intellectu.</strong></span> <span class='ocrx_word' id='word_1_27' title='bbox 1636 615 1724 701; x_wconf 89' lang='lat' dir='ltr'><strong>Quia</strong></span> 
     </span>
     <span class='ocr_line' id='line_1_4' title="bbox 216 728 1724 816; baseline 0.001 -20"><span class='ocrx_word' id='word_1_28' title='bbox 216 729 300 797; x_wconf 92' lang='lat' dir='ltr'><strong>enim</strong></span> <span class='ocrx_word' id='word_1_29' title='bbox 319 728 496 798; x_wconf 88' lang='lat' dir='ltr'><strong>intellectus</strong></span> <span class='ocrx_word' id='word_1_30' title='bbox 512 729 670 816; x_wconf 87' lang='lat' dir='ltr'><strong>cognoscit</strong></span> <span class='ocrx_word' id='word_1_31' title='bbox 686 729 889 797; x_wconf 89' lang='lat' dir='ltr'><strong>intentionem</strong></span> <span class='ocrx_word' id='word_1_32' title='bbox 906 728 988 797; x_wconf 89' lang='lat' dir='ltr'><strong>entis</strong></span> <span class='ocrx_word' id='word_1_33' title='bbox 1004 728 1034 796; x_wconf 93' lang='lat' dir='ltr'><strong>in</strong></span> <span class='ocrx_word' id='word_1_34' title='bbox 1051 728 1206 816; x_wconf 90' lang='lat' dir='ltr'><strong>generali,</strong></span> <span class='ocrx_word' id='word_1_35' title='bbox 1224 728 1406 800; x_wconf 84' lang='lat' dir='ltr'><strong>immediate</strong></span> <span class='ocrx_word' id='word_1_36' title='bbox 1421 737 1454 798; x_wconf 89' lang='lat' dir='ltr'><strong>et</strong></span> <span class='ocrx_word' id='word_1_37' title='bbox 1469 731 1536 799; x_wconf 92' lang='lat' dir='ltr'><strong>sine</strong></span> <span class='ocrx_word' id='word_1_38' title='bbox 1552 730 1724 812; x_wconf 84' lang='lat' dir='ltr'><strong>discursu,</strong></span> 
     </span>
     <span class='ocr_line' id='line_1_5' title="bbox 217 843 1724 933; baseline 0.002 -22"><span class='ocrx_word' id='word_1_39' title='bbox 217 843 288 913; x_wconf 89' lang='lat' dir='ltr'><strong>ideo</strong></span> <span class='ocrx_word' id='word_1_40' title='bbox 310 844 427 914; x_wconf 89' lang='lat' dir='ltr'><strong>dicitur</strong></span> <span class='ocrx_word' id='word_1_41' title='bbox 450 846 561 913; x_wconf 67' lang='lat' dir='ltr'><strong>viatere</strong></span> <span class='ocrx_word' id='word_1_42' title='bbox 585 845 786 914; x_wconf 85' lang='lat' dir='ltr'><strong>intentionem</strong></span> <span class='ocrx_word' id='word_1_43' title='bbox 811 845 892 914; x_wconf 86' lang='lat' dir='ltr'><strong>entis</strong></span> <span class='ocrx_word' id='word_1_44' title='bbox 915 845 946 912; x_wconf 93' lang='lat' dir='ltr'><strong>in</strong></span> <span class='ocrx_word' id='word_1_45' title='bbox 971 845 1126 932; x_wconf 81' lang='lat' dir='ltr'><strong>generali3</strong></span> <span class='ocrx_word' id='word_1_46' title='bbox 1145 845 1201 913; x_wconf 87' lang='lat' dir='ltr'><strong>sed</strong></span> <span class='ocrx_word' id='word_1_47' title='bbox 1223 863 1266 914; x_wconf 81' lang='lat' dir='ltr'><strong>ex</strong></span> <span class='ocrx_word' id='word_1_48' title='bbox 1290 846 1465 933; x_wconf 79' lang='lat' dir='ltr'><strong>cognitione</strong></span> <span class='ocrx_word' id='word_1_49' title='bbox 1488 846 1570 915; x_wconf 87' lang='lat' dir='ltr'><strong>entis</strong></span> <span class='ocrx_word' id='word_1_50' title='bbox 1597 846 1724 915; x_wconf 90' lang='lat' dir='ltr'><strong>discur-</strong></span> 
     </span>
     <span class='ocr_line' id='line_1_6' title="bbox 216 960 1724 1049; baseline 0.002 -21"><span class='ocrx_word' id='word_1_51' title='bbox 216 960 316 1028; x_wconf 89' lang='lat' dir='ltr'><strong>rendo</strong></span> <span class='ocrx_word' id='word_1_52' title='bbox 332 961 474 1049; x_wconf 80' lang='lat' dir='ltr'><strong>procedit</strong></span> <span class='ocrx_word' id='word_1_53' title='bbox 496 960 537 1030; x_wconf 89' lang='lat' dir='ltr'><strong>ad</strong></span> <span class='ocrx_word' id='word_1_54' title='bbox 552 961 615 1029; x_wconf 87' lang='lat' dir='ltr'><strong>alia</strong></span> <span class='ocrx_word' id='word_1_55' title='bbox 630 961 860 1048; x_wconf 82' lang='lat' dir='ltr'><strong>cngrvcscenda,</strong></span> <span class='ocrx_word' id='word_1_56' title='bbox 883 967 920 1028; x_wconf 93' lang='lat' dir='ltr'><strong>ut</strong></span> <span class='ocrx_word' id='word_1_57' title='bbox 935 960 976 1029; x_wconf 92' lang='lat' dir='ltr'><strong>ad</strong></span> <span class='ocrx_word' id='word_1_58' title='bbox 991 960 1225 1048; x_wconf 79' lang='lat' dir='ltr'><strong>agnoscendas</strong></span> <span class='ocrx_word' id='word_1_59' title='bbox 1248 962 1479 1045; x_wconf 78' lang='lat' dir='ltr'><strong>conclusionne,</strong></span> <span class='ocrx_word' id='word_1_60' title='bbox 1502 962 1724 1032; x_wconf 77' lang='lat' dir='ltr'><strong>mediantibus</strong></span> 
     </span>
     <span class='ocr_line' id='line_1_7' title="bbox 216 1076 1722 1167; baseline 0.002 -25"><span class='ocrx_word' id='word_1_61' title='bbox 216 1076 380 1163; x_wconf 86' lang='lat' dir='ltr'><strong>principiis</strong></span> <span class='ocrx_word' id='word_1_62' title='bbox 401 1076 594 1167; x_wconf 84' lang='lat' dir='ltr'><strong>cotnplexis:</strong></span> <span class='ocrx_word' id='word_1_63' title='bbox 612 1079 654 1146; x_wconf 81' lang='lat' dir='ltr'><strong>ita</strong></span> <span class='ocrx_word' id='word_1_64' title='bbox 670 1078 787 1146; x_wconf 89' lang='lat' dir='ltr'><strong>dicitur</strong></span> <span class='ocrx_word' id='word_1_65' title='bbox 810 1077 882 1146; x_wconf 86' lang='lat' dir='ltr'><strong>illas</strong></span> <span class='ocrx_word' id='word_1_66' title='bbox 904 1077 1122 1147; x_wconf 88' lang='lat' dir='ltr'><strong>conclusiones</strong></span> <span class='ocrx_word' id='word_1_67' title='bbox 1145 1096 1356 1167; x_wconf 79' lang='lat' dir='ltr'><strong>copitceccre,</strong></span> <span class='ocrx_word' id='word_1_68' title='bbox 1371 1078 1458 1166; x_wconf 86' lang='lat' dir='ltr'><strong>quod</strong></span> <span class='ocrx_word' id='word_1_69' title='bbox 1481 1098 1549 1146; x_wconf 87' lang='lat' dir='ltr'><strong>non</strong></span> <span class='ocrx_word' id='word_1_70' title='bbox 1562 1078 1679 1146; x_wconf 79' lang='lat' dir='ltr'><strong>videre</strong></span> <span class='ocrx_word' id='word_1_71' title='bbox 1693 1077 1722 1161; x_wconf 80' lang='lat'><strong>²,</strong></span> 
     </span>
     <span class='ocr_line' id='line_1_8' title="bbox 216 1195 1721 1283; baseline 0.001 -22"><span class='ocrx_word' id='word_1_72' title='bbox 216 1202 347 1282; x_wconf 88' lang='lat' dir='ltr'><strong>propter</strong></span> <span class='ocrx_word' id='word_1_73' title='bbox 370 1195 430 1265; x_wconf 89' lang='lat' dir='ltr'><strong>boc</strong></span> <span class='ocrx_word' id='word_1_74' title='bbox 452 1197 537 1283; x_wconf 83' lang='lat' dir='ltr'><strong>qvvod</strong></span> <span class='ocrx_word' id='word_1_75' title='bbox 562 1195 617 1264; x_wconf 91' lang='lat' dir='ltr'><strong>illa</strong></span> <span class='ocrx_word' id='word_1_76' title='bbox 640 1196 775 1283; x_wconf 80' lang='lat' dir='ltr'><strong>cognitio</strong></span> <span class='ocrx_word' id='word_1_77' title='bbox 805 1202 854 1264; x_wconf 87' lang='lat' dir='ltr'><strong>est</strong></span> <span class='ocrx_word' id='word_1_78' title='bbox 877 1195 1056 1264; x_wconf 81' lang='lat' dir='ltr'><strong>discursive</strong></span> <span class='ocrx_word' id='word_1_79' title='bbox 1077 1203 1110 1264; x_wconf 90' lang='lat' dir='ltr'><strong>et</strong></span> <span class='ocrx_word' id='word_1_80' title='bbox 1139 1196 1286 1264; x_wconf 89' lang='lat' dir='ltr'><strong>mediata.</strong></span> <span class='ocrx_word' id='word_1_81' title='bbox 1319 1196 1407 1264; x_wconf 90' lang='lat' dir='ltr'><strong>Unde</strong></span> <span class='ocrx_word' id='word_1_82' title='bbox 1429 1195 1524 1264; x_wconf 90' lang='lat' dir='ltr'><strong>etiam</strong></span> <span class='ocrx_word' id='word_1_83' title='bbox 1554 1195 1632 1283; x_wconf 87' lang='lat' dir='ltr'><strong>quia</strong></span> <span class='ocrx_word' id='word_1_84' title='bbox 1655 1195 1721 1282; x_wconf 90' lang='lat' dir='ltr'><strong>pri·</strong></span> 
     </span>
     <span class='ocr_line' id='line_1_9' title="bbox 216 1311 1721 1400; baseline 0.001 -22"><span class='ocrx_word' id='word_1_85' title='bbox 216 1328 305 1378; x_wconf 94' lang='lat' dir='ltr'><strong>mum</strong></span> <span class='ocrx_word' id='word_1_86' title='bbox 328 1311 520 1399; x_wconf 91' lang='lat' dir='ltr'><strong>principium</strong></span> <span class='ocrx_word' id='word_1_87' title='bbox 544 1312 748 1400; x_wconf 82' lang='lat' dir='ltr'><strong>convplevum</strong></span> <span class='ocrx_word' id='word_1_88' title='bbox 772 1312 931 1398; x_wconf 85' lang='lat' dir='ltr'><strong>cognoscit</strong></span> <span class='ocrx_word' id='word_1_89' title='bbox 954 1330 1013 1398; x_wconf 90' lang='lat' dir='ltr'><strong>per</strong></span> <span class='ocrx_word' id='word_1_90' title='bbox 1039 1311 1248 1398; x_wconf 89' lang='lat' dir='ltr'><strong>cognitionem</strong></span> <span class='ocrx_word' id='word_1_91' title='bbox 1272 1312 1354 1381; x_wconf 89' lang='lat' dir='ltr'><strong>entis</strong></span> <span class='ocrx_word' id='word_1_92' title='bbox 1370 1311 1621 1399; x_wconf 83' lang='lat' dir='ltr'><strong>incomplexam,</strong></span> <span class='ocrx_word' id='word_1_93' title='bbox 1653 1330 1721 1380; x_wconf 90' lang='lat' dir='ltr'><strong>non</strong></span> 
     </span>
     <span class='ocr_line' id='line_1_10' title="bbox 216 1426 1722 1516; baseline 0.001 -23"><span class='ocrx_word' id='word_1_94' title='bbox 216 1426 259 1493; x_wconf 90' lang='lat' dir='ltr'><strong>ita</strong></span> <span class='ocrx_word' id='word_1_95' title='bbox 282 1429 411 1514; x_wconf 86' lang='lat' dir='ltr'><strong>propria</strong></span> <span class='ocrx_word' id='word_1_96' title='bbox 433 1429 551 1497; x_wconf 89' lang='lat' dir='ltr'><strong>dicitnr</strong></span> <span class='ocrx_word' id='word_1_97' title='bbox 574 1429 686 1496; x_wconf 86' lang='lat' dir='ltr'><strong>videre</strong></span> <span class='ocrx_word' id='word_1_98' title='bbox 708 1430 849 1516; x_wconf 91' lang='lat' dir='ltr'><strong>primum</strong></span> <span class='ocrx_word' id='word_1_99' title='bbox 873 1428 1064 1516; x_wconf 91' lang='lat' dir='ltr'><strong>principium</strong></span> <span class='ocrx_word' id='word_1_100' title='bbox 1089 1429 1312 1515; x_wconf 83' lang='lat' dir='ltr'><strong>complexum,</strong></span> <span class='ocrx_word' id='word_1_101' title='bbox 1337 1429 1419 1497; x_wconf 90' lang='lat' dir='ltr'><strong>sicut</strong></span> <span class='ocrx_word' id='word_1_102' title='bbox 1442 1429 1648 1497; x_wconf 88' lang='lat' dir='ltr'><strong>intentionem</strong></span> <span class='ocrx_word' id='word_1_103' title='bbox 1666 1446 1722 1496; x_wconf 91' lang='lat' dir='ltr'><strong>en·</strong></span> 
     </span>
     <span class='ocr_line' id='line_1_11' title="bbox 216 1543 1721 1633; baseline 0.004 -25"><span class='ocrx_word' id='word_1_104' title='bbox 216 1543 265 1609; x_wconf 90' lang='lat' dir='ltr'><strong>tis.</strong></span> <span class='ocrx_word' id='word_1_105' title='bbox 288 1543 333 1611; x_wconf 89' lang='lat' dir='ltr'><strong>lta</strong></span> <span class='ocrx_word' id='word_1_106' title='bbox 354 1562 413 1629; x_wconf 85' lang='lat' dir='ltr'><strong>ego</strong></span> <span class='ocrx_word' id='word_1_107' title='bbox 436 1543 507 1613; x_wconf 89' lang='lat' dir='ltr'><strong>dico</strong></span> <span class='ocrx_word' id='word_1_108' title='bbox 530 1545 561 1612; x_wconf 92' lang='lat' dir='ltr'><strong>in</strong></span> <span class='ocrx_word' id='word_1_109' title='bbox 585 1546 764 1632; x_wconf 88' lang='lat' dir='ltr'><strong>proposito,</strong></span> <span class='ocrx_word' id='word_1_110' title='bbox 787 1546 873 1633; x_wconf 83' lang='lat' dir='ltr'><strong>qnod</strong></span> <span class='ocrx_word' id='word_1_111' title='bbox 898 1544 951 1613; x_wconf 90' lang='lat' dir='ltr'><strong>illa</strong></span> <span class='ocrx_word' id='word_1_112' title='bbox 974 1545 1127 1632; x_wconf 86' lang='lat' dir='ltr'><strong>cognitio,</strong></span> <span class='ocrx_word' id='word_1_113' title='bbox 1152 1563 1235 1631; x_wconf 88' lang='lat' dir='ltr'><strong>quae</strong></span> <span class='ocrx_word' id='word_1_114' title='bbox 1265 1544 1402 1613; x_wconf 87' lang='lat' dir='ltr'><strong>babetur</strong></span> <span class='ocrx_word' id='word_1_115' title='bbox 1425 1546 1466 1613; x_wconf 92' lang='lat' dir='ltr'><strong>de</strong></span> <span class='ocrx_word' id='word_1_116' title='bbox 1489 1546 1554 1613; x_wconf 88' lang='lat' dir='ltr'><strong>Dec</strong></span> <span class='ocrx_word' id='word_1_117' title='bbox 1578 1545 1721 1614; x_wconf 87' lang='lat' dir='ltr'><strong>mediate</strong></span> 
     </span>
     <span class='ocr_line' id='line_1_12' title="bbox 215 1659 1720 1748; baseline 0.001 -21"><span class='ocrx_word' id='word_1_118' title='bbox 215 1666 247 1727; x_wconf 90' lang='lat' dir='ltr'><strong>et</strong></span> <span class='ocrx_word' id='word_1_119' title='bbox 271 1678 328 1747; x_wconf 92' lang='lat' dir='ltr'><strong>per</strong></span> <span class='ocrx_word' id='word_1_120' title='bbox 352 1659 552 1743; x_wconf 79' lang='lat' dir='ltr'><strong>discursum,</strong></span> <span class='ocrx_word' id='word_1_121' title='bbox 576 1680 639 1729; x_wconf 90' lang='lat' dir='ltr'><strong>non</strong></span> <span class='ocrx_word' id='word_1_122' title='bbox 662 1669 710 1728; x_wconf 89' lang='lat' dir='ltr'><strong>est</strong></span> <span class='ocrx_word' id='word_1_123' title='bbox 732 1661 826 1728; x_wconf 83' lang='lat' dir='ltr'><strong>cisio.</strong></span> <span class='ocrx_word' id='word_1_124' title='bbox 852 1662 888 1729; x_wconf 84' lang='lat' dir='ltr'><strong>Et</strong></span> <span class='ocrx_word' id='word_1_125' title='bbox 911 1661 956 1729; x_wconf 91' lang='lat' dir='ltr'><strong>sic</strong></span> <span class='ocrx_word' id='word_1_126' title='bbox 979 1661 1139 1729; x_wconf 80' lang='lat' dir='ltr'><strong>declarata</strong></span> <span class='ocrx_word' id='word_1_127' title='bbox 1162 1666 1211 1728; x_wconf 88' lang='lat' dir='ltr'><strong>est</strong></span> <span class='ocrx_word' id='word_1_128' title='bbox 1234 1679 1292 1748; x_wconf 89' lang='lat' dir='ltr'><strong>per</strong></span> <span class='ocrx_word' id='word_1_129' title='bbox 1319 1661 1505 1748; x_wconf 84' lang='lat' dir='ltr'><strong>exemplum</strong></span> <span class='ocrx_word' id='word_1_130' title='bbox 1529 1660 1644 1728; x_wconf 85' lang='lat' dir='ltr'><strong>maior</strong></span> <span class='ocrx_word' id='word_1_131' title='bbox 1669 1680 1720 1728; x_wconf 89' lang='lat' dir='ltr'><strong>ra-</strong></span> 
     </span>
     <span class='ocr_line' id='line_1_13' title="bbox 216 1774 1721 1865; baseline 0.003 -24"><span class='ocrx_word' id='word_1_132' title='bbox 216 1774 329 1855; x_wconf 87' lang='lat' dir='ltr'><strong>tionis;</strong></span> <span class='ocrx_word' id='word_1_133' title='bbox 352 1783 383 1843; x_wconf 90' lang='lat' dir='ltr'><strong>ct</strong></span> <span class='ocrx_word' id='word_1_134' title='bbox 406 1777 451 1844; x_wconf 90' lang='lat' dir='ltr'><strong>sic</strong></span> <span class='ocrx_word' id='word_1_135' title='bbox 474 1777 671 1845; x_wconf 85' lang='lat' dir='ltr'><strong>declaratum</strong></span> <span class='ocrx_word' id='word_1_136' title='bbox 705 1786 767 1858; x_wconf 88' lang='lat' dir='ltr'><strong>est,</strong></span> <span class='ocrx_word' id='word_1_137' title='bbox 802 1778 887 1865; x_wconf 86' lang='lat' dir='ltr'><strong>quod</strong></span> <span class='ocrx_word' id='word_1_138' title='bbox 923 1776 1059 1865; x_wconf 83' lang='lat' dir='ltr'><strong>lngclus</strong></span> <span class='ocrx_word' id='word_1_139' title='bbox 1093 1776 1142 1845; x_wconf 88' lang='lat' dir='ltr'><strong>vel</strong></span> <span class='ocrx_word' id='word_1_140' title='bbox 1166 1777 1262 1844; x_wconf 89' lang='lat' dir='ltr'><strong>bomo</strong></span> <span class='ocrx_word' id='word_1_141' title='bbox 1297 1796 1359 1845; x_wconf 91' lang='lat' dir='ltr'><strong>non</strong></span> <span class='ocrx_word' id='word_1_142' title='bbox 1389 1784 1493 1865; x_wconf 86' lang='lat' dir='ltr'><strong>potest</strong></span> <span class='ocrx_word' id='word_1_143' title='bbox 1527 1777 1721 1845; x_wconf 83' lang='lat' dir='ltr'><strong>naturaliter</strong></span> 
     </span>
     <span class='ocr_line' id='line_1_14' title="bbox 215 1891 1721 1982; baseline 0.002 -25"><span class='ocrx_word' id='word_1_144' title='bbox 215 1891 325 1959; x_wconf 73' lang='lat' dir='ltr'><strong>viatere</strong></span> <span class='ocrx_word' id='word_1_145' title='bbox 346 1901 507 1961; x_wconf 87' lang='lat' dir='ltr'><strong>aeternmn</strong></span> <span class='ocrx_word' id='word_1_146' title='bbox 533 1894 696 1963; x_wconf 80' lang='lat' dir='ltr'><strong>veritatem</strong></span> <span class='ocrx_word' id='word_1_147' title='bbox 720 1913 778 1982; x_wconf 90' lang='lat' dir='ltr'><strong>per</strong></span> <span class='ocrx_word' id='word_1_148' title='bbox 802 1901 979 1975; x_wconf 86' lang='lat' dir='ltr'><strong>creaturas,</strong></span> <span class='ocrx_word' id='word_1_149' title='bbox 1010 1894 1157 1981; x_wconf 87' lang='lat' dir='ltr'><strong>quamvis</strong></span> <span class='ocrx_word' id='word_1_150' title='bbox 1179 1911 1250 1962; x_wconf 88' lang='lat' dir='ltr'><strong>eam</strong></span> <span class='ocrx_word' id='word_1_151' title='bbox 1281 1894 1381 1980; x_wconf 88' lang='lat' dir='ltr'><strong>possit</strong></span> <span class='ocrx_word' id='word_1_152' title='bbox 1407 1894 1515 1982; x_wconf 87' lang='lat' dir='ltr'><strong>aliquo</strong></span> <span class='ocrx_word' id='word_1_153' title='bbox 1546 1893 1644 1962; x_wconf 89' lang='lat' dir='ltr'><strong>modo</strong></span> <span class='ocrx_word' id='word_1_154' title='bbox 1669 1914 1721 1961; x_wconf 78' lang='lat' dir='ltr'><strong>cc</strong></span> 
     </span>
     <span class='ocr_line' id='line_1_15' title="bbox 212 2008 1378 2098; baseline 0.002 -25"><span class='ocrx_word' id='word_1_155' title='bbox 212 2027 379 2095; x_wconf 79' lang='lat' dir='ltr'><strong>gnoscere.</strong></span> <span class='ocrx_word' id='word_1_156' title='bbox 404 2010 439 2077; x_wconf 79' lang='lat' dir='ltr'><strong>ut</strong></span> <span class='ocrx_word' id='word_1_157' title='bbox 462 2010 539 2078; x_wconf 81' lang='lat' dir='ltr'><strong>llaec</strong></span> <span class='ocrx_word' id='word_1_158' title='bbox 563 2009 648 2078; x_wconf 88' lang='lat' dir='ltr'><strong>dicta</strong></span> <span class='ocrx_word' id='word_1_159' title='bbox 671 2010 734 2079; x_wconf 86' lang='lat' dir='ltr'><strong>sint</strong></span> <span class='ocrx_word' id='word_1_160' title='bbox 756 2010 797 2078; x_wconf 88' lang='lat' dir='ltr'><strong>ad</strong></span> <span class='ocrx_word' id='word_1_161' title='bbox 821 2010 1066 2079; x_wconf 84' lang='lat' dir='ltr'><strong>declarationem</strong></span> <span class='ocrx_word' id='word_1_162' title='bbox 1090 2008 1217 2079; x_wconf 86' lang='lat' dir='ltr'><strong>articuli</strong></span> <span class='ocrx_word' id='word_1_163' title='bbox 1240 2009 1341 2098; x_wconf 84' lang='lat' dir='ltr'><strong>qvvinti</strong></span> <span class='ocrx_word' id='word_1_164' title='bbox 1357 2011 1378 2075; x_wconf 84' lang='lat'><strong>⁸.</strong></span> 
     </span>
    </p>
   </div>
   <div class='ocr_carea' id='block_1_3' title="bbox 772 2243 1156 2314">
    <p class='ocr_par' dir='ltr' id='par_1_3' title="bbox 772 2243 1156 2314">
     <span class='ocr_line' id='line_1_16' title="bbox 772 2243 1156 2314; baseline -0.005 -3"><span class='ocrx_word' id='word_1_165' title='bbox 772 2244 976 2314; x_wconf 75' lang='lat' dir='ltr'><strong>leviculus</strong></span> <span class='ocrx_word' id='word_1_166' title='bbox 1004 2243 1156 2313; x_wconf 86' lang='lat' dir='ltr'><strong>SEXTUS.</strong></span> 
     </span>
    </p>
   </div>
   <div class='ocr_carea' id='block_1_4' title="bbox 212 2475 1720 3258">
    <p class='ocr_par' dir='ltr' id='par_1_4' title="bbox 213 2475 1720 2800">
     <span class='ocr_line' id='line_1_17' title="bbox 302 2475 1720 2566; baseline 0.001 -23"><span class='ocrx_word' id='word_1_167' title='bbox 302 2477 538 2566; x_wconf 84' lang='lat' dir='ltr'><strong>Consequenter</strong></span> <span class='ocrx_word' id='word_1_168' title='bbox 560 2495 602 2546; x_wconf 87' lang='lat' dir='ltr'><strong>ex</strong></span> <span class='ocrx_word' id='word_1_169' title='bbox 633 2477 777 2546; x_wconf 88' lang='lat' dir='ltr'><strong>articulis</strong></span> <span class='ocrx_word' id='word_1_170' title='bbox 799 2477 1064 2564; x_wconf 86' lang='lat' dir='ltr'><strong>praecedentibus</strong></span> <span class='ocrx_word' id='word_1_171' title='bbox 1087 2477 1232 2558; x_wconf 90' lang='lat' dir='ltr'><strong>declaro,</strong></span> <span class='ocrx_word' id='word_1_172' title='bbox 1259 2476 1346 2564; x_wconf 85' lang='lat' dir='ltr'><strong>quod</strong></span> <span class='ocrx_word' id='word_1_173' title='bbox 1374 2476 1512 2562; x_wconf 85' lang='lat' dir='ltr'><strong>lngelus</strong></span> <span class='ocrx_word' id='word_1_174' title='bbox 1534 2475 1585 2544; x_wconf 87' lang='lat' dir='ltr'><strong>vel</strong></span> <span class='ocrx_word' id='word_1_175' title='bbox 1617 2476 1720 2544; x_wconf 89' lang='lat' dir='ltr'><strong>borno</strong></span> 
     </span>
     <span class='ocr_line' id='line_1_18' title="bbox 214 2592 1720 2683; baseline 0 -22"><span class='ocrx_word' id='word_1_176' title='bbox 214 2594 402 2663; x_wconf 85' lang='lat' dir='ltr'><strong>naturaliter</strong></span> <span class='ocrx_word' id='word_1_177' title='bbox 423 2601 526 2681; x_wconf 85' lang='lat' dir='ltr'><strong>potest</strong></span> <span class='ocrx_word' id='word_1_178' title='bbox 548 2595 724 2680; x_wconf 84' lang='lat' dir='ltr'><strong>intelligere</strong></span> <span class='ocrx_word' id='word_1_179' title='bbox 747 2612 860 2662; x_wconf 89' lang='lat' dir='ltr'><strong>verum</strong></span> <span class='ocrx_word' id='word_1_180' title='bbox 877 2600 1021 2663; x_wconf 89' lang='lat' dir='ltr'><strong>creatum</strong></span> <span class='ocrx_word' id='word_1_181' title='bbox 1045 2595 1076 2661; x_wconf 92' lang='lat' dir='ltr'><strong>in</strong></span> <span class='ocrx_word' id='word_1_182' title='bbox 1106 2601 1237 2663; x_wconf 86' lang='lat' dir='ltr'><strong>aeterna</strong></span> <span class='ocrx_word' id='word_1_183' title='bbox 1260 2593 1393 2662; x_wconf 85' lang='lat' dir='ltr'><strong>veritate</strong></span> <span class='ocrx_word' id='word_1_184' title='bbox 1408 2592 1522 2683; x_wconf 80' lang='lat' dir='ltr'><strong>clipeo</strong></span> <span class='ocrx_word' id='word_1_185' title='bbox 1549 2592 1665 2671; x_wconf 78' lang='lat' dir='ltr'><strong>morlo,</strong></span> <span class='ocrx_word' id='word_1_186' title='bbox 1683 2601 1720 2661; x_wconf 90' lang='lat' dir='ltr'><strong>et</strong></span> 
     </span>
     <span class='ocr_line' id='line_1_19' title="bbox 213 2709 884 2800; baseline -0.001 -23"><span class='ocrx_word' id='word_1_187' title='bbox 213 2709 327 2800; x_wconf 80' lang='lat' dir='ltr'><strong>clipeo</strong></span> <span class='ocrx_word' id='word_1_188' title='bbox 348 2710 445 2777; x_wconf 87' lang='lat' dir='ltr'><strong>mode</strong></span> <span class='ocrx_word' id='word_1_189' title='bbox 467 2730 552 2790; x_wconf 83' lang='lat' dir='ltr'><strong>non,</strong></span> <span class='ocrx_word' id='word_1_190' title='bbox 576 2711 661 2799; x_wconf 84' lang='lat' dir='ltr'><strong>quod</strong></span> <span class='ocrx_word' id='word_1_191' title='bbox 686 2710 814 2779; x_wconf 89' lang='lat' dir='ltr'><strong>declaro</strong></span> <span class='ocrx_word' id='word_1_192' title='bbox 830 2710 884 2778; x_wconf 91' lang='lat' dir='ltr'><strong>sic.</strong></span> 
     </span>
    </p>

    <p class='ocr_par' dir='ltr' id='par_1_5' title="bbox 212 2822 1720 3258">
     <span class='ocr_line' id='line_1_20' title="bbox 301 2822 1714 2913; baseline -0.003 -18"><span class='ocrx_word' id='word_1_193' title='bbox 301 2826 503 2895; x_wconf 86' lang='lat' dir='ltr'><strong>Declaraturn</strong></span> <span class='ocrx_word' id='word_1_194' title='bbox 526 2834 575 2895; x_wconf 90' lang='lat' dir='ltr'><strong>est</strong></span> <span class='ocrx_word' id='word_1_195' title='bbox 598 2826 629 2893; x_wconf 92' lang='lat' dir='ltr'><strong>in</strong></span> <span class='ocrx_word' id='word_1_196' title='bbox 651 2826 791 2895; x_wconf 86' lang='lat' dir='ltr'><strong>secundo</strong></span> <span class='ocrx_word' id='word_1_197' title='bbox 813 2824 965 2906; x_wconf 90' lang='lat' dir='ltr'><strong>articulo,</strong></span> <span class='ocrx_word' id='word_1_198' title='bbox 989 2825 1075 2913; x_wconf 83' lang='lat' dir='ltr'><strong>quod</strong></span> <span class='ocrx_word' id='word_1_199' title='bbox 1100 2824 1235 2912; x_wconf 75' lang='lat' dir='ltr'><strong>Angelus</strong></span> <span class='ocrx_word' id='word_1_200' title='bbox 1259 2822 1308 2893; x_wconf 92' lang='lat' dir='ltr'><strong>vel</strong></span> <span class='ocrx_word' id='word_1_201' title='bbox 1334 2825 1429 2891; x_wconf 89' lang='lat' dir='ltr'><strong>bomo</strong></span> <span class='ocrx_word' id='word_1_202' title='bbox 1452 2822 1640 2891; x_wconf 87' lang='lat' dir='ltr'><strong>naturaliter</strong></span> <span class='ocrx_word' id='word_1_203' title='bbox 1656 2842 1714 2909; x_wconf 81' lang='lat' dir='ltr'><strong>po</strong></span> 
     </span>
     <span class='ocr_line' id='line_1_21' title="bbox 212 2939 1718 3030; baseline -0.002 -20"><span class='ocrx_word' id='word_1_204' title='bbox 212 2947 274 3010; x_wconf 88' lang='lat' dir='ltr'><strong>test</strong></span> <span class='ocrx_word' id='word_1_205' title='bbox 297 2941 472 3028; x_wconf 89' lang='lat' dir='ltr'><strong>intelligere</strong></span> <span class='ocrx_word' id='word_1_206' title='bbox 493 2942 623 3030; x_wconf 81' lang='lat' dir='ltr'><strong>aliquod</strong></span> <span class='ocrx_word' id='word_1_207' title='bbox 647 2959 759 3010; x_wconf 89' lang='lat' dir='ltr'><strong>verum</strong></span> <span class='ocrx_word' id='word_1_208' title='bbox 783 2948 943 3024; x_wconf 83' lang='lat' dir='ltr'><strong>creatum3</strong></span> <span class='ocrx_word' id='word_1_209' title='bbox 966 2943 1164 3011; x_wconf 89' lang='lat' dir='ltr'><strong>declaratum</strong></span> <span class='ocrx_word' id='word_1_210' title='bbox 1187 2951 1235 3009; x_wconf 87' lang='lat' dir='ltr'><strong>est</strong></span> <span class='ocrx_word' id='word_1_211' title='bbox 1257 2940 1353 3010; x_wconf 89' lang='lat' dir='ltr'><strong>etiam</strong></span> <span class='ocrx_word' id='word_1_212' title='bbox 1378 2940 1409 3008; x_wconf 93' lang='lat' dir='ltr'><strong>in</strong></span> <span class='ocrx_word' id='word_1_213' title='bbox 1432 2939 1585 3021; x_wconf 89' lang='lat' dir='ltr'><strong>articulo,</strong></span> <span class='ocrx_word' id='word_1_214' title='bbox 1624 2940 1718 3026; x_wconf 82' lang='lat' dir='ltr'><strong>qvvod</strong></span> 
     </span>
     <span class='ocr_line' id='line_1_22' title="bbox 212 3054 1719 3145; baseline -0.003 -20"><span class='ocrx_word' id='word_1_215' title='bbox 212 3057 401 3125; x_wconf 86' lang='lat' dir='ltr'><strong>naturaliter</strong></span> <span class='ocrx_word' id='word_1_216' title='bbox 424 3064 527 3144; x_wconf 89' lang='lat' dir='ltr'><strong>potest</strong></span> <span class='ocrx_word' id='word_1_217' title='bbox 551 3058 744 3145; x_wconf 84' lang='lat' dir='ltr'><strong>intelligere,</strong></span> <span class='ocrx_word' id='word_1_218' title='bbox 767 3057 844 3144; x_wconf 83' lang='lat' dir='ltr'><strong>quid</strong></span> <span class='ocrx_word' id='word_1_219' title='bbox 869 3063 917 3125; x_wconf 90' lang='lat' dir='ltr'><strong>est</strong></span> <span class='ocrx_word' id='word_1_220' title='bbox 940 3058 1057 3125; x_wconf 84' lang='lat' dir='ltr'><strong>veritas</strong></span> <span class='ocrx_word' id='word_1_221' title='bbox 1081 3057 1241 3138; x_wconf 86' lang='lat' dir='ltr'><strong>increata,</strong></span> <span class='ocrx_word' id='word_1_222' title='bbox 1265 3074 1327 3123; x_wconf 92' lang='lat' dir='ltr'><strong>non</strong></span> <span class='ocrx_word' id='word_1_223' title='bbox 1351 3055 1384 3123; x_wconf 95' lang='lat' dir='ltr'><strong>in</strong></span> <span class='ocrx_word' id='word_1_224' title='bbox 1414 3054 1557 3143; x_wconf 87' lang='lat' dir='ltr'><strong>speciali,</strong></span> <span class='ocrx_word' id='word_1_225' title='bbox 1587 3054 1645 3122; x_wconf 85' lang='lat' dir='ltr'><strong>sed</strong></span> <span class='ocrx_word' id='word_1_226' title='bbox 1682 3054 1719 3122; x_wconf 93' lang='lat' dir='ltr'><strong>in</strong></span> 
     </span>
     <span class='ocr_line' id='line_1_23' title="bbox 213 3169 1720 3258; baseline 0 -18"><span class='ocrx_word' id='word_1_227' title='bbox 213 3172 369 3258; x_wconf 86' lang='lat' dir='ltr'><strong>generali;</strong></span> <span class='ocrx_word' id='word_1_228' title='bbox 393 3191 455 3240; x_wconf 91' lang='lat' dir='ltr'><strong>non</strong></span> <span class='ocrx_word' id='word_1_229' title='bbox 480 3173 678 3255; x_wconf 88' lang='lat' dir='ltr'><strong>immediate,</strong></span> <span class='ocrx_word' id='word_1_230' title='bbox 702 3173 759 3241; x_wconf 89' lang='lat' dir='ltr'><strong>sed</strong></span> <span class='ocrx_word' id='word_1_231' title='bbox 783 3173 936 3253; x_wconf 88' lang='lat' dir='ltr'><strong>mediatc;</strong></span> <span class='ocrx_word' id='word_1_232' title='bbox 960 3190 1021 3239; x_wconf 90' lang='lat' dir='ltr'><strong>non</strong></span> <span class='ocrx_word' id='word_1_233' title='bbox 1046 3171 1141 3253; x_wconf 87' lang='lat' dir='ltr'><strong>clare,</strong></span> <span class='ocrx_word' id='word_1_234' title='bbox 1165 3171 1221 3240; x_wconf 90' lang='lat' dir='ltr'><strong>sed</strong></span> <span class='ocrx_word' id='word_1_235' title='bbox 1252 3172 1407 3252; x_wconf 90' lang='lat' dir='ltr'><strong>obscure;</strong></span> <span class='ocrx_word' id='word_1_236' title='bbox 1438 3169 1635 3240; x_wconf 89' lang='lat' dir='ltr'><strong>declaratum</strong></span> <span class='ocrx_word' id='word_1_237' title='bbox 1664 3178 1720 3240; x_wconf 90' lang='lat' dir='ltr'><strong>est</strong></span> 
     </span>
    </p>
   </div>
   <div class='ocr_carea' id='block_1_5' title="bbox 210 3285 1721 4073">
    <p class='ocr_par' dir='ltr' id='par_1_6' title="bbox 210 3285 1721 4073">
     <span class='ocr_line' id='line_1_24' title="bbox 211 3285 1718 3376; baseline -0.003 -19"><span class='ocrx_word' id='word_1_238' title='bbox 211 3289 324 3367; x_wconf 89' lang='lat' dir='ltr'><strong>ctiam,</strong></span> <span class='ocrx_word' id='word_1_239' title='bbox 348 3288 434 3376; x_wconf 88' lang='lat' dir='ltr'><strong>quod</strong></span> <span class='ocrx_word' id='word_1_240' title='bbox 457 3294 559 3375; x_wconf 76' lang='lat' dir='ltr'><strong>pitest</strong></span> <span class='ocrx_word' id='word_1_241' title='bbox 580 3288 724 3375; x_wconf 86' lang='lat' dir='ltr'><strong>cognosci</strong></span> <span class='ocrx_word' id='word_1_242' title='bbox 750 3290 781 3356; x_wconf 90' lang='lat' dir='ltr'><strong>in</strong></span> <span class='ocrx_word' id='word_1_243' title='bbox 805 3289 926 3356; x_wconf 87' lang='lat' dir='ltr'><strong>ratione</strong></span> <span class='ocrx_word' id='word_1_244' title='bbox 949 3306 1073 3356; x_wconf 88' lang='lat' dir='ltr'><strong>causae.</strong></span> <span class='ocrx_word' id='word_1_245' title='bbox 1100 3289 1145 3356; x_wconf 83' lang='lat' dir='ltr'><strong>En</strong></span> <span class='ocrx_word' id='word_1_246' title='bbox 1170 3288 1208 3355; x_wconf 91' lang='lat' dir='ltr'><strong>iis</strong></span> <span class='ocrx_word' id='word_1_247' title='bbox 1238 3305 1340 3374; x_wconf 86' lang='lat' dir='ltr'><strong>arguo</strong></span> <span class='ocrx_word' id='word_1_248' title='bbox 1375 3287 1435 3356; x_wconf 90' lang='lat' dir='ltr'><strong>sic:</strong></span> <span class='ocrx_word' id='word_1_249' title='bbox 1472 3285 1619 3374; x_wconf 81' lang='lat' dir='ltr'><strong>quamvis</strong></span> <span class='ocrx_word' id='word_1_250' title='bbox 1654 3304 1718 3372; x_wconf 88' lang='lat' dir='ltr'><strong>per</strong></span> 
     </span>
     <span class='ocr_line' id='line_1_25' title="bbox 212 3401 1721 3493; baseline -0.001 -22"><span class='ocrx_word' id='word_1_251' title='bbox 212 3401 362 3493; x_wconf 76' lang='lat' dir='ltr'><strong>affectam</strong></span> <span class='ocrx_word' id='word_1_252' title='bbox 378 3404 584 3473; x_wconf 85' lang='lat' dir='ltr'><strong>deveniamus</strong></span> <span class='ocrx_word' id='word_1_253' title='bbox 601 3404 788 3472; x_wconf 89' lang='lat' dir='ltr'><strong>naturaliter</strong></span> <span class='ocrx_word' id='word_1_254' title='bbox 806 3404 837 3472; x_wconf 91' lang='lat' dir='ltr'><strong>in</strong></span> <span class='ocrx_word' id='word_1_255' title='bbox 857 3404 1066 3491; x_wconf 78' lang='lat' dir='ltr'><strong>cognitionem</strong></span> <span class='ocrx_word' id='word_1_256' title='bbox 1082 3423 1206 3471; x_wconf 82' lang='lat' dir='ltr'><strong>ceurae</strong></span> <span class='ocrx_word' id='word_1_257' title='bbox 1222 3402 1429 3483; x_wconf 89' lang='lat' dir='ltr'><strong>inveniendo,</strong></span> <span class='ocrx_word' id='word_1_258' title='bbox 1453 3408 1569 3482; x_wconf 67' lang='lat' dir='ltr'><strong>amen,</strong></span> <span class='ocrx_word' id='word_1_259' title='bbox 1584 3402 1721 3470; x_wconf 89' lang='lat' dir='ltr'><strong>inventa</strong></span> 
     </span>
     <span class='ocr_line' id='line_1_26' title="bbox 212 3516 1719 3607; baseline 0 -19"><span class='ocrx_word' id='word_1_260' title='bbox 212 3539 323 3602; x_wconf 88' lang='lat' dir='ltr'><strong>causa,</strong></span> <span class='ocrx_word' id='word_1_261' title='bbox 345 3520 473 3589; x_wconf 89' lang='lat' dir='ltr'><strong>iuvatur</strong></span> <span class='ocrx_word' id='word_1_262' title='bbox 497 3521 675 3589; x_wconf 86' lang='lat' dir='ltr'><strong>intellectus</strong></span> <span class='ocrx_word' id='word_1_263' title='bbox 698 3538 755 3607; x_wconf 92' lang='lat' dir='ltr'><strong>per</strong></span> <span class='ocrx_word' id='word_1_264' title='bbox 778 3521 985 3607; x_wconf 85' lang='lat' dir='ltr'><strong>cognitionem</strong></span> <span class='ocrx_word' id='word_1_265' title='bbox 1011 3520 1111 3607; x_wconf 90' lang='lat' dir='ltr'><strong>ipsius</strong></span> <span class='ocrx_word' id='word_1_266' title='bbox 1134 3538 1259 3587; x_wconf 77' lang='lat' dir='ltr'><strong>eumue</strong></span> <span class='ocrx_word' id='word_1_267' title='bbox 1282 3520 1313 3587; x_wconf 91' lang='lat' dir='ltr'><strong>in</strong></span> <span class='ocrx_word' id='word_1_268' title='bbox 1337 3517 1507 3587; x_wconf 89' lang='lat' dir='ltr'><strong>iudicando</strong></span> <span class='ocrx_word' id='word_1_269' title='bbox 1522 3519 1563 3587; x_wconf 88' lang='lat' dir='ltr'><strong>dc</strong></span> <span class='ocrx_word' id='word_1_270' title='bbox 1578 3516 1719 3607; x_wconf 75' lang='lat' dir='ltr'><strong>effectu:</strong></span> 
     </span>
     <span class='ocr_line' id='line_1_27' title="bbox 210 3634 1718 3725; baseline -0.002 -20"><span class='ocrx_word' id='word_1_271' title='bbox 210 3656 287 3723; x_wconf 89' lang='lat' dir='ltr'><strong>ergo</strong></span> <span class='ocrx_word' id='word_1_272' title='bbox 310 3637 456 3725; x_wconf 83' lang='lat' dir='ltr'><strong>quamvis</strong></span> <span class='ocrx_word' id='word_1_273' title='bbox 479 3636 692 3704; x_wconf 73' lang='lat' dir='ltr'><strong>naturaliter⁴</strong></span> <span class='ocrx_word' id='word_1_274' title='bbox 716 3653 774 3722; x_wconf 90' lang='lat' dir='ltr'><strong>per</strong></span> <span class='ocrx_word' id='word_1_275' title='bbox 796 3636 1005 3723; x_wconf 86' lang='lat' dir='ltr'><strong>cognitionem</strong></span> <span class='ocrx_word' id='word_1_276' title='bbox 1029 3636 1200 3704; x_wconf 90' lang='lat' dir='ltr'><strong>ellectuum</strong></span> <span class='ocrx_word' id='word_1_277' title='bbox 1216 3635 1424 3704; x_wconf 89' lang='lat' dir='ltr'><strong>deveniamus</strong></span> <span class='ocrx_word' id='word_1_278' title='bbox 1443 3634 1475 3701; x_wconf 92' lang='lat' dir='ltr'><strong>in</strong></span> <span class='ocrx_word' id='word_1_279' title='bbox 1502 3634 1718 3720; x_wconf 85' lang='lat' dir='ltr'><strong>cognitionem</strong></span> 
     </span>
     <span class='ocr_line' id='line_1_28' title="bbox 211 3750 1720 3839; baseline -0.001 -19"><span class='ocrx_word' id='word_1_280' title='bbox 211 3753 334 3839; x_wconf 85' lang='lat' dir='ltr'><strong>primae</strong></span> <span class='ocrx_word' id='word_1_281' title='bbox 357 3771 472 3821; x_wconf 73' lang='lat' dir='ltr'><strong>caussae</strong></span> <span class='ocrx_word' id='word_1_282' title='bbox 497 3753 711 3831; x_wconf 67' lang='lat' dir='ltr'><strong>invenienda·</strong></span> <span class='ocrx_word' id='word_1_283' title='bbox 734 3770 808 3820; x_wconf 89' lang='lat' dir='ltr'><strong>cum</strong></span> <span class='ocrx_word' id='word_1_284' title='bbox 832 3752 872 3820; x_wconf 90' lang='lat' dir='ltr'><strong>sit</strong></span> <span class='ocrx_word' id='word_1_285' title='bbox 894 3751 1022 3820; x_wconf 91' lang='lat' dir='ltr'><strong>inventa</strong></span> <span class='ocrx_word' id='word_1_286' title='bbox 1045 3752 1149 3838; x_wconf 90' lang='lat' dir='ltr'><strong>prima</strong></span> <span class='ocrx_word' id='word_1_287' title='bbox 1172 3768 1282 3833; x_wconf 83' lang='lat' dir='ltr'><strong>causa,</strong></span> <span class='ocrx_word' id='word_1_288' title='bbox 1304 3769 1364 3838; x_wconf 87' lang='lat' dir='ltr'><strong>per</strong></span> <span class='ocrx_word' id='word_1_289' title='bbox 1386 3750 1594 3837; x_wconf 87' lang='lat' dir='ltr'><strong>cognitionem</strong></span> <span class='ocrx_word' id='word_1_290' title='bbox 1612 3750 1720 3836; x_wconf 83' lang='lat' dir='ltr'><strong>ipsius</strong></span> 
     </span>
     <span class='ocr_line' id='line_1_29' title="bbox 211 3866 1720 3955; baseline -0.001 -20"><span class='ocrx_word' id='word_1_291' title='bbox 211 3869 361 3937; x_wconf 89' lang='lat' dir='ltr'><strong>iuvamur</strong></span> <span class='ocrx_word' id='word_1_292' title='bbox 388 3870 420 3936; x_wconf 93' lang='lat' dir='ltr'><strong>in</strong></span> <span class='ocrx_word' id='word_1_293' title='bbox 443 3870 625 3937; x_wconf 81' lang='lat' dir='ltr'><strong>iruticcado</strong></span> <span class='ocrx_word' id='word_1_294' title='bbox 648 3869 688 3936; x_wconf 90' lang='lat' dir='ltr'><strong>de</strong></span> <span class='ocrx_word' id='word_1_295' title='bbox 711 3869 875 3937; x_wconf 88' lang='lat' dir='ltr'><strong>ellectibus</strong></span> <span class='ocrx_word' id='word_1_296' title='bbox 898 3869 981 3938; x_wconf 89' lang='lat' dir='ltr'><strong>suis:</strong></span> <span class='ocrx_word' id='word_1_297' title='bbox 1007 3886 1082 3955; x_wconf 88' lang='lat' dir='ltr'><strong>ergo</strong></span> <span class='ocrx_word' id='word_1_298' title='bbox 1106 3868 1242 3955; x_wconf 71' lang='lat' dir='ltr'><strong>angelus</strong></span> <span class='ocrx_word' id='word_1_299' title='bbox 1266 3868 1316 3935; x_wconf 92' lang='lat' dir='ltr'><strong>vel</strong></span> <span class='ocrx_word' id='word_1_300' title='bbox 1342 3868 1438 3934; x_wconf 90' lang='lat' dir='ltr'><strong>bomo</strong></span> <span class='ocrx_word' id='word_1_301' title='bbox 1457 3866 1645 3934; x_wconf 88' lang='lat' dir='ltr'><strong>naturaliter</strong></span> <span class='ocrx_word' id='word_1_302' title='bbox 1660 3886 1720 3954; x_wconf 81' lang='lat' dir='ltr'><strong>po</strong></span> 
     </span>
     <span class='ocr_line' id='line_1_30' title="bbox 211 3982 1719 4073; baseline -0.001 -20"><span class='ocrx_word' id='word_1_303' title='bbox 211 3992 272 4054; x_wconf 88' lang='lat' dir='ltr'><strong>test</strong></span> <span class='ocrx_word' id='word_1_304' title='bbox 295 4004 484 4073; x_wconf 88' lang='lat' dir='ltr'><strong>cognoscere</strong></span> <span class='ocrx_word' id='word_1_305' title='bbox 508 4004 621 4054; x_wconf 89' lang='lat' dir='ltr'><strong>verum</strong></span> <span class='ocrx_word' id='word_1_306' title='bbox 656 3992 800 4054; x_wconf 90' lang='lat' dir='ltr'><strong>creatum</strong></span> <span class='ocrx_word' id='word_1_307' title='bbox 833 3986 864 4053; x_wconf 89' lang='lat' dir='ltr'><strong>in</strong></span> <span class='ocrx_word' id='word_1_308' title='bbox 899 3992 1028 4053; x_wconf 88' lang='lat' dir='ltr'><strong>aeterna</strong></span> <span class='ocrx_word' id='word_1_309' title='bbox 1058 3984 1207 4065; x_wconf 89' lang='lat' dir='ltr'><strong>veritate,</strong></span> <span class='ocrx_word' id='word_1_310' title='bbox 1236 3983 1318 4052; x_wconf 87' lang='lat' dir='ltr'><strong>sieut</strong></span> <span class='ocrx_word' id='word_1_311' title='bbox 1346 3982 1478 4051; x_wconf 81' lang='lat' dir='ltr'><strong>allectus</strong></span> <span class='ocrx_word' id='word_1_312' title='bbox 1511 3983 1719 4063; x_wconf 82' lang='lat' dir='ltr'><strong>cognoscitur</strong></span> 
     </span>
    </p>
   </div>
   <div class='ocr_carea' id='block_1_6' title="bbox 210 4120 1717 4536">
    <p class='ocr_par' dir='ltr' id='par_1_7' title="bbox 211 4120 540 4190">
     <span class='ocr_line' id='line_1_31' title="bbox 211 4120 540 4190; baseline -0.003 -21"><span class='ocrx_word' id='word_1_313' title='bbox 211 4120 270 4190; x_wconf 92' lang='lat' dir='ltr'><strong>per</strong></span> <span class='ocrx_word' id='word_1_314' title='bbox 286 4121 376 4170; x_wconf 88' lang='lat' dir='ltr'><strong>svvavn</strong></span> <span class='ocrx_word' id='word_1_315' title='bbox 401 4121 540 4171; x_wconf 79' lang='lat' dir='ltr'><strong>causam.</strong></span> 
     </span>
    </p>

    <p class='ocr_par' dir='ltr' id='par_1_8' title="bbox 210 4204 1717 4536">
     <span class='ocr_line' id='line_1_32' title="bbox 300 4204 1716 4304; baseline 0.001 -20"><span class='ocrx_word' id='word_1_316' title='bbox 300 4219 346 4285; x_wconf 83' lang='lat' dir='ltr'><strong>Ex</strong></span> <span class='ocrx_word' id='word_1_317' title='bbox 370 4218 632 4304; x_wconf 86' lang='lat' dir='ltr'><strong>praecedentibus</strong></span> <span class='ocrx_word' id='word_1_318' title='bbox 654 4218 750 4286; x_wconf 88' lang='lat' dir='ltr'><strong>etiam</strong></span> <span class='ocrx_word' id='word_1_319' title='bbox 773 4217 916 4285; x_wconf 89' lang='lat' dir='ltr'><strong>articulis</strong></span> <span class='ocrx_word' id='word_1_320' title='bbox 937 4204 1204 4304; x_wconf 50' lang='lat' dir='ltr'><strong>argnc‘cccoodo</strong></span> <span class='ocrx_word' id='word_1_321' title='bbox 1227 4217 1282 4285; x_wconf 90' lang='lat' dir='ltr'><strong>sic.</strong></span> <span class='ocrx_word' id='word_1_322' title='bbox 1309 4216 1355 4284; x_wconf 80' lang='lat' dir='ltr'><strong>Es</strong></span> <span class='ocrx_word' id='word_1_323' title='bbox 1383 4235 1448 4303; x_wconf 91' lang='lat' dir='ltr'><strong>quo</strong></span> <span class='ocrx_word' id='word_1_324' title='bbox 1479 4216 1582 4297; x_wconf 88' lang='lat' dir='ltr'><strong>enim,</strong></span> <span class='ocrx_word' id='word_1_325' title='bbox 1612 4223 1649 4283; x_wconf 90' lang='lat' dir='ltr'><strong>ut</strong></span> <span class='ocrx_word' id='word_1_326' title='bbox 1683 4219 1716 4286; x_wconf 92' lang='lat' dir='ltr'><strong>ln</strong></span> 
     </span>
     <span class='ocr_line' id='line_1_33' title="bbox 210 4331 1716 4421; baseline 0.001 -21"><span class='ocrx_word' id='word_1_327' title='bbox 210 4333 314 4421; x_wconf 90' lang='lat' dir='ltr'><strong>primo</strong></span> <span class='ocrx_word' id='word_1_328' title='bbox 346 4334 481 4402; x_wconf 89' lang='lat' dir='ltr'><strong>articulo</strong></span> <span class='ocrx_word' id='word_1_329' title='bbox 515 4335 684 4421; x_wconf 90' lang='lat' dir='ltr'><strong>probatum</strong></span> <span class='ocrx_word' id='word_1_330' title='bbox 708 4340 773 4415; x_wconf 88' lang='lat' dir='ltr'><strong>est,</strong></span> <span class='ocrx_word' id='word_1_331' title='bbox 796 4334 985 4401; x_wconf 90' lang='lat' dir='ltr'><strong>naturaliter</strong></span> <span class='ocrx_word' id='word_1_332' title='bbox 1020 4350 1190 4419; x_wconf 88' lang='lat' dir='ltr'><strong>possumus</strong></span> <span class='ocrx_word' id='word_1_333' title='bbox 1215 4331 1390 4419; x_wconf 88' lang='lat' dir='ltr'><strong>intelligere</strong></span> <span class='ocrx_word' id='word_1_334' title='bbox 1425 4331 1554 4419; x_wconf 87' lang='lat' dir='ltr'><strong>aliquod</strong></span> <span class='ocrx_word' id='word_1_335' title='bbox 1596 4349 1716 4402; x_wconf 85' lang='lat' dir='ltr'><strong>verum</strong></span> 
     </span>
     <span class='ocr_line' id='line_1_34' title="bbox 210 4447 1717 4536; baseline -0.001 -18"><span class='ocrx_word' id='word_1_336' title='bbox 210 4456 364 4530; x_wconf 88' lang='lat' dir='ltr'><strong>creatum,</strong></span> <span class='ocrx_word' id='word_1_337' title='bbox 387 4457 418 4518; x_wconf 89' lang='lat' dir='ltr'><strong>et</strong></span> <span class='ocrx_word' id='word_1_338' title='bbox 441 4450 541 4536; x_wconf 80' lang='lat' dir='ltr'><strong>ipsam</strong></span> <span class='ocrx_word' id='word_1_339' title='bbox 565 4449 730 4518; x_wconf 89' lang='lat' dir='ltr'><strong>veritatem</strong></span> <span class='ocrx_word' id='word_1_340' title='bbox 754 4456 936 4530; x_wconf 87' lang='lat' dir='ltr'><strong>aeternam,</strong></span> <span class='ocrx_word' id='word_1_341' title='bbox 960 4449 1043 4517; x_wconf 88' lang='lat' dir='ltr'><strong>sicut</strong></span> <span class='ocrx_word' id='word_1_342' title='bbox 1065 4449 1097 4516; x_wconf 92' lang='lat' dir='ltr'><strong>in</strong></span> <span class='ocrx_word' id='word_1_343' title='bbox 1121 4454 1235 4536; x_wconf 80' lang='lat' dir='ltr'><strong>qviartc</strong></span> <span class='ocrx_word' id='word_1_344' title='bbox 1258 4447 1393 4517; x_wconf 90' lang='lat' dir='ltr'><strong>articulo</strong></span> <span class='ocrx_word' id='word_1_345' title='bbox 1424 4447 1621 4516; x_wconf 85' lang='lat' dir='ltr'><strong>declaratum</strong></span> <span class='ocrx_word' id='word_1_346' title='bbox 1645 4455 1717 4533; x_wconf 88' lang='lat' dir='ltr'><strong>ost,</strong></span> 
     </span>
    </p>
   </div>
   <div class='ocr_carea' id='block_1_7' title="bbox 211 4678 1715 5329">
    <p class='ocr_par' dir='ltr' id='par_1_9' title="bbox 211 4678 1715 5044">
     <span class='ocr_line' id='line_1_35' title="bbox 302 4678 1715 4747; baseline -0.003 -10"><span class='ocrx_word' id='word_1_347' title='bbox 302 4682 310 4717; x_wconf 90' lang='lat'>¹</span> <span class='ocrx_word' id='word_1_348' title='bbox 333 4684 378 4737; x_wconf 86' lang='lat' dir='ltr'><strong>Vis</strong></span> <span class='ocrx_word' id='word_1_349' title='bbox 396 4684 558 4736; x_wconf 81' lang='lat' dir='ltr'><strong>aestimativa</strong></span> <span class='ocrx_word' id='word_1_350' title='bbox 577 4680 611 4735; x_wconf 89' lang='lat' dir='ltr'><strong>ab</strong></span> <span class='ocrx_word' id='word_1_351' title='bbox 630 4682 776 4747; x_wconf 66' lang='lat' dir='ltr'><strong>avicenna,</strong></span> <span class='ocrx_word' id='word_1_352' title='bbox 797 4680 813 4733; x_wconf 95' lang='lat' dir='ltr'><strong>l.</strong></span> <span class='ocrx_word' id='word_1_353' title='bbox 834 4681 867 4733; x_wconf 88' lang='lat' dir='ltr'><strong>do</strong></span> <span class='ocrx_word' id='word_1_354' title='bbox 886 4682 977 4733; x_wconf 78' lang='lat' dir='ltr'><strong>noima</strong></span> <span class='ocrx_word' id='word_1_355' title='bbox 996 4694 1042 4733; x_wconf 87' lang='lat' dir='ltr'><strong>seu</strong></span> <span class='ocrx_word' id='word_1_356' title='bbox 1062 4682 1125 4733; x_wconf 84' lang='lat' dir='ltr'><strong>sexti</strong></span> <span class='ocrx_word' id='word_1_357' title='bbox 1145 4681 1319 4745; x_wconf 73' lang='lat' dir='ltr'><strong>Naturalium,</strong></span> <span class='ocrx_word' id='word_1_358' title='bbox 1338 4694 1360 4733; x_wconf 90' lang='lat' dir='ltr'><strong>c.</strong></span> <span class='ocrx_word' id='word_1_359' title='bbox 1380 4679 1404 4732; x_wconf 86' lang='grc'><strong>5.</strong></span> <span class='ocrx_word' id='word_1_360' title='bbox 1419 4678 1557 4733; x_wconf 85' lang='lat' dir='ltr'><strong>delinitur:</strong></span> <span class='ocrx_word' id='word_1_361' title='bbox 1578 4678 1654 4732; x_wconf 84' lang='lat' dir='ltr'><strong>«Vis</strong></span> <span class='ocrx_word' id='word_1_362' title='bbox 1667 4694 1715 4747; x_wconf 89' lang='lat' dir='ltr'><strong>ap·</strong></span> 
     </span>
     <span class='ocr_line' id='line_1_36' title="bbox 211 4777 1715 4847; baseline -0.001 -13"><span class='ocrx_word' id='word_1_363' title='bbox 211 4781 380 4847; x_wconf 81' lang='lat' dir='ltr'><strong>prehendens</strong></span> <span class='ocrx_word' id='word_1_364' title='bbox 398 4782 553 4835; x_wconf 88' lang='lat' dir='ltr'><strong>lotentlones</strong></span> <span class='ocrx_word' id='word_1_365' title='bbox 572 4794 623 4832; x_wconf 91' lang='lat' dir='ltr'><strong>non</strong></span> <span class='ocrx_word' id='word_1_366' title='bbox 642 4785 766 4845; x_wconf 77' lang='lat' dir='ltr'><strong>sensatim,</strong></span> <span class='ocrx_word' id='word_1_367' title='bbox 786 4794 854 4846; x_wconf 79' lang='lat' dir='ltr'><strong>qum</strong></span> <span class='ocrx_word' id='word_1_368' title='bbox 867 4786 928 4833; x_wconf 88' lang='lat' dir='ltr'><strong>sunt</strong></span> <span class='ocrx_word' id='word_1_369' title='bbox 941 4781 965 4831; x_wconf 90' lang='lat' dir='ltr'><strong>io</strong></span> <span class='ocrx_word' id='word_1_370' title='bbox 979 4779 1089 4844; x_wconf 84' lang='lat' dir='ltr'><strong>singulis</strong></span> <span class='ocrx_word' id='word_1_371' title='bbox 1107 4777 1291 4845; x_wconf 81' lang='lat' dir='ltr'><strong>scrisibilibus;</strong></span> <span class='ocrx_word' id='word_1_372' title='bbox 1310 4780 1378 4831; x_wconf 86' lang='lat' dir='ltr'><strong>slcut</strong></span> <span class='ocrx_word' id='word_1_373' title='bbox 1395 4780 1450 4845; x_wconf 84' lang='lat' dir='ltr'><strong>vis,</strong></span> <span class='ocrx_word' id='word_1_374' title='bbox 1468 4791 1537 4846; x_wconf 85' lang='lat' dir='ltr'><strong>quae</strong></span> <span class='ocrx_word' id='word_1_375' title='bbox 1555 4781 1595 4830; x_wconf 85' lang='lat' dir='ltr'><strong>est</strong></span> <span class='ocrx_word' id='word_1_376' title='bbox 1613 4778 1639 4828; x_wconf 91' lang='lat' dir='ltr'><strong>ln</strong></span> <span class='ocrx_word' id='word_1_377' title='bbox 1659 4792 1715 4832; x_wconf 89' lang='lat' dir='ltr'><strong>ovo</strong></span> 
     </span>
     <span class='ocr_line' id='line_1_37' title="bbox 211 4874 1715 4947; baseline -0.001 -15"><span class='ocrx_word' id='word_1_378' title='bbox 211 4879 373 4945; x_wconf 87' lang='lat' dir='ltr'><strong>diimlirans,</strong></span> <span class='ocrx_word' id='word_1_379' title='bbox 393 4879 465 4947; x_wconf 83' lang='lat' dir='ltr'><strong>quod</strong></span> <span class='ocrx_word' id='word_1_380' title='bbox 484 4877 518 4931; x_wconf 88' lang='lat' dir='ltr'><strong>ab</strong></span> <span class='ocrx_word' id='word_1_381' title='bbox 537 4880 587 4931; x_wconf 91' lang='lat' dir='ltr'><strong>boc</strong></span> <span class='ocrx_word' id='word_1_382' title='bbox 605 4879 668 4943; x_wconf 91' lang='lat' dir='ltr'><strong>lopo</strong></span> <span class='ocrx_word' id='word_1_383' title='bbox 687 4884 726 4929; x_wconf 91' lang='lat' dir='ltr'><strong>cst</strong></span> <span class='ocrx_word' id='word_1_384' title='bbox 745 4877 917 4943; x_wconf 73' lang='lat' dir='ltr'><strong>largiendum,</strong></span> <span class='ocrx_word' id='word_1_385' title='bbox 937 4884 963 4930; x_wconf 90' lang='lat' dir='ltr'><strong>ot</strong></span> <span class='ocrx_word' id='word_1_386' title='bbox 981 4875 1054 4944; x_wconf 84' lang='lat' dir='ltr'><strong>qvvod</strong></span> <span class='ocrx_word' id='word_1_387' title='bbox 1074 4879 1152 4929; x_wconf 85' lang='lat' dir='ltr'><strong>buius</strong></span> <span class='ocrx_word' id='word_1_388' title='bbox 1169 4878 1231 4942; x_wconf 88' lang='lat' dir='ltr'><strong>agol</strong></span> <span class='ocrx_word' id='word_1_389' title='bbox 1250 4882 1288 4929; x_wconf 86' lang='lat' dir='ltr'><strong>est</strong></span> <span class='ocrx_word' id='word_1_390' title='bbox 1301 4875 1481 4930; x_wconf 84' lang='lat' dir='ltr'><strong>vulserendum</strong></span> <span class='ocrx_word' id='word_1_391' title='bbox 1494 4896 1519 4928; x_wconf 76' lang='grc' dir='ltr'><strong>ι.</strong></span> <span class='ocrx_word' id='word_1_392' title='bbox 1533 4874 1666 4929; x_wconf 86' lang='lat' dir='ltr'><strong>ludicatur</strong></span> <span class='ocrx_word' id='word_1_393' title='bbox 1679 4876 1715 4930; x_wconf 89' lang='lat' dir='ltr'><strong>ab</strong></span> 
     </span>
     <span class='ocr_line' id='line_1_38' title="bbox 211 4975 1510 5044; baseline -0.002 -15"><span class='ocrx_word' id='word_1_394' title='bbox 211 4978 323 5043; x_wconf 86' lang='lat' dir='ltr'><strong>llv·lstot.,</strong></span> <span class='ocrx_word' id='word_1_395' title='bbox 343 4977 360 5030; x_wconf 88' lang='lat' dir='ltr'><strong>l.</strong></span> <span class='ocrx_word' id='word_1_396' title='bbox 379 4978 489 5043; x_wconf 81' lang='lat' dir='ltr'><strong>llntuplr.</strong></span> <span class='ocrx_word' id='word_1_397' title='bbox 510 4990 532 5030; x_wconf 90' lang='lat' dir='ltr'><strong>c.</strong></span> <span class='ocrx_word' id='word_1_398' title='bbox 555 4978 581 5040; x_wconf 92' lang='lat' dir='ltr'><strong>l,</strong></span> <span class='ocrx_word' id='word_1_399' title='bbox 601 4975 646 5029; x_wconf 93' lang='lat' dir='ltr'><strong>ubi</strong></span> <span class='ocrx_word' id='word_1_400' title='bbox 666 4975 749 5042; x_wconf 85' lang='lat' dir='ltr'><strong>docet,</strong></span> <span class='ocrx_word' id='word_1_401' title='bbox 769 4975 899 5043; x_wconf 80' lang='lat' dir='ltr'><strong>quaedam</strong></span> <span class='ocrx_word' id='word_1_402' title='bbox 918 4975 1038 5028; x_wconf 87' lang='lat' dir='ltr'><strong>animalia</strong></span> <span class='ocrx_word' id='word_1_403' title='bbox 1057 4990 1115 5029; x_wconf 81' lang='lat' dir='ltr'><strong>csso</strong></span> <span class='ocrx_word' id='word_1_404' title='bbox 1133 4976 1280 5042; x_wconf 85' lang='lat' dir='ltr'><strong>prudentio,</strong></span> <span class='ocrx_word' id='word_1_405' title='bbox 1299 4975 1430 5044; x_wconf 87' lang='lat' dir='ltr'><strong>quaedam</strong></span> <span class='ocrx_word' id='word_1_406' title='bbox 1450 4989 1510 5028; x_wconf 92' lang='lat' dir='ltr'><strong>non.</strong></span> 
     </span>
    </p>

    <p class='ocr_par' dir='ltr' id='par_1_10' title="bbox 300 5075 448 5131">
     <span class='ocr_line' id='line_1_39' title="bbox 300 5075 448 5131; baseline 0 -2"><span class='ocrx_word' id='word_1_407' title='bbox 300 5077 311 5112; x_wconf 84' lang='lat'><strong>²</strong></span> <span class='ocrx_word' id='word_1_408' title='bbox 330 5079 351 5129; x_wconf 83' lang='lat' dir='ltr'><strong>A</strong></span> <span class='ocrx_word' id='word_1_409' title='bbox 369 5075 448 5131; x_wconf 69' lang='lat' dir='ltr'><strong>sidet.</strong></span> 
     </span>
    </p>

    <p class='ocr_par' dir='ltr' id='par_1_11' title="bbox 299 5148 1224 5240">
     <span class='ocr_line' id='line_1_40' title="bbox 299 5148 1224 5240; baseline -0.005 -11"><span class='ocrx_word' id='word_1_410' title='bbox 299 5175 311 5211; x_wconf 83' lang='lat'>³</span> <span class='ocrx_word' id='word_1_411' title='bbox 329 5176 366 5229; x_wconf 81' lang='lat' dir='ltr'><strong>uc</strong></span> <span class='ocrx_word' id='word_1_412' title='bbox 384 5175 478 5228; x_wconf 87' lang='lat' dir='ltr'><strong>cudero</strong></span> <span class='ocrx_word' id='word_1_413' title='bbox 497 5175 606 5227; x_wconf 87' lang='lat' dir='ltr'><strong>veritato</strong></span> <span class='ocrx_word' id='word_1_414' title='bbox 624 5174 680 5239; x_wconf 85' lang='lat' dir='ltr'><strong>agit</strong></span> <span class='ocrx_word' id='word_1_415' title='bbox 697 5179 788 5226; x_wconf 88' lang='lat' dir='ltr'><strong>auctor</strong></span> <span class='ocrx_word' id='word_1_416' title='bbox 807 5172 834 5224; x_wconf 88' lang='grc'><strong>11,</strong></span> <span class='ocrx_word' id='word_1_417' title='bbox 853 5172 923 5225; x_wconf 84' lang='lat' dir='ltr'><strong>Sunt.</strong></span> <span class='ocrx_word' id='word_1_418' title='bbox 943 5171 969 5224; x_wconf 91' lang='lat' dir='ltr'><strong>d.</strong></span> <span class='ocrx_word' id='word_1_419' title='bbox 990 5170 1032 5224; x_wconf 71' lang='lat' dir='ltr'><strong>tl.</strong></span> <span class='ocrx_word' id='word_1_420' title='bbox 1051 5187 1075 5224; x_wconf 90' lang='lat' dir='ltr'><strong>a.</strong></span> <span class='ocrx_word' id='word_1_421' title='bbox 1095 5173 1119 5224; x_wconf 82' lang='lat'><strong>3.</strong></span> <span class='ocrx_word' id='word_1_422' title='bbox 1139 5187 1164 5240; x_wconf 87' lang='lat' dir='ltr'><strong>q.</strong></span> <span class='ocrx_word' id='word_1_423' title='bbox 1184 5148 1224 5225; x_wconf 73' lang='grc' dir='ltr'><strong>11.Ι</strong></span> 
     </span>
    </p>

    <p class='ocr_par' dir='ltr' id='par_1_12' title="bbox 301 5271 652 5329">
     <span class='ocr_line' id='line_1_41' title="bbox 301 5271 652 5329; baseline -0.006 -3"><span class='ocrx_word' id='word_1_424' title='bbox 301 5272 312 5308; x_wconf 80' lang='lat'>⁴</span> <span class='ocrx_word' id='word_1_425' title='bbox 331 5274 351 5326; x_wconf 90' lang='lat' dir='ltr'><strong>B</strong></span> <span class='ocrx_word' id='word_1_426' title='bbox 369 5275 463 5327; x_wconf 87' lang='lat' dir='ltr'><strong>omittit</strong></span> <span class='ocrx_word' id='word_1_427' title='bbox 480 5271 652 5329; x_wconf 82' lang='lat' dir='ltr'><strong>naturaliter.</strong></span> 
     </span>
    </p>
   </div>
   <div class='ocr_carea' id='block_1_8' title="bbox 0 0 1940 6485">
    <p class='ocr_par' dir='ltr' id='par_1_13' title="bbox 0 0 1940 6485">
     <span class='ocr_line' id='line_1_42' title="bbox 0 0 1940 6485; baseline 0 0"><span class='ocrx_word' id='word_1_428' title='bbox 0 0 1940 6485; x_wconf 95' lang='lat' dir='ltr'><strong> </strong></span> 
     </span>
    </p>
   </div>
  </div>
 </body>
</html>
