3870 6488
215 386 257 451 28
823 402 1103 451 rarssenun'rrn.

213 533 364 611 grusale»,
388 526 480 614 piria,
505 536 540 594 31
563 528 658 613 [33313
680 535 753 596 acite
776 527 875 609 dixit,
905 528 965 595 «lu
990 527 1131 595 interiori
1156 534 1245 614 placete
1270 526 1464 595 tabernaculi
1490 527 1644 613 13333113)
1670 529 1711 595 ad

212 642 344 710 rrimlnm
360 642 541 711 candelabri
558 643 752 731 relucettux
776 644 917 712 veritatis
934 644 964 710 in
988 643 1066 711 lucie
1083 648 1209 711 nostrae
1225 642 1338 709 circulis
1350 667 1381 706 3.
1399 643 1460 711 Ηο3
1477 642 1592 730 probat
1607 645 1714 731 primo

186 776 253 855 ⁸ex
277 759 458 845 operatione
480 760 660 826 memoriae
682 765 714 828 el
729 758 906 840 concludit,
936 759 1049 847 «quod
1067 758 1134 847 ipsa
1159 758 1393 826 1313331133333
1417 758 1712 829 incommutabilem

211 873 270 941 sibi
294 880 508 960 praesentem,
534 874 564 941 in
588 894 652 962 qrra
667 874 811 942 meminit
834 874 1069 942 invariabilium
1087 874 1257 941 veritatum
1270 898 1309 947 »;
1332 873 1448 942 deinde
1463 892 1504 941 ex
1528 875 1714 963 operatione

212 989 347 1055 uirtutis
370 988 600 1058 intellectione:
630 991 720 1059 escit
745 990 841 1077 igitur
864 990 1096 1076 (3131133133),
1122 989 1287 1056 ceritatem
1311 988 1397 1056 illam
1414 1007 1484 1057 esse
1507 988 1714 1059 1333333313-

213 1104 319 1172 bilem.
343 1104 404 1172 Sed
428 1124 501 1173 cum
526 1106 594 1193 ipsa
618 1124 707 1175 mens
738 1114 847 1175 nostra
874 1106 915 1175 sit
940 1104 1191 1186 commutabilis,
1225 1103 1310 1172 illam
1335 1105 1381 1174 sic
1411 1105 1714 1176 incommutabiliter

213 1219 406 1287 relucentem
431 1238 492 1287 non
516 1227 619 1306 polest
641 1221 768 1300 uidere,
792 1221 852 1289 nisi
865 1241 926 1307 per
942 1221 1094 1309 elipeum
1116 1218 1224 1287 311333
1247 1219 1352 1287 lucem
1372 1220 1506 1289 omnine
1531 1222 1714 1303 333333333-

214 1334 357 1401 trelilaler
381 1336 592 1417 sortientem,
615 1355 710 1423 oriam
735 1337 930 1424 impossibile
951 1343 999 1405 cst
1020 1354 1089 1405 esse
1112 1342 1292 1403 creaturam
1317 1337 1513 1405 cautionem.
1537 1337 1601 1406 Scit
1615 1338 1714 1425 igitur
1794 1324 1798 1329 ¹

214 1450 244 1516 in
261 1449 315 1517 illa
331 1450 420 1532 luce,
444 1470 528 1539 petae
551 1450 721 1519 illnmlmet
742 1472 871 1519 3333333
889 1451 1053 1519 1333313333
1077 1451 1254 1519 cernentem
1275 1450 1310 1517 in
1326 1449 1415 1519 lacerae
1430 1453 1596 1521 3333331333
1611 1454 1711 1540 (teari.

212 1566 240 1646 1,
265 1567 327 1651 9.),
343 1584 425 1653 quae
441 1573 489 1634 est
504 1566 562 1634 lux
579 1585 656 1634 vera
670 1574 702 1635 et
717 1567 858 1636 Verbum
875 1568 906 1635 in
922 1568 1077 1656 principio
1092 1564 1179 1654 apud
1192 1566 1293 1634 113333
1306 1595 1357 1633 ι...
1388 1592 1403 1627 a
1415 1568 1526 1636 Omnis
1549 1568 1661 1656 igitur,
1677 1579 1715 1643 ut

212 1683 288 1751 dicit
310 1683 504 1770 Augustinus
534 1685 565 1751 in
590 1684 674 1752 libro
698 1685 739 1753 de
763 1686 845 1752 Vera
876 1683 1034 1770 Religione
1065 1686 1103 1769 (c.
1130 1684 1211 1767 311),
1235 1703 1309 1750 eece
1340 1684 1577 1753 ratiocinantis
1600 1672 1713 1755 133333

213 1799 409 1867 3333311133
424 1799 467 1866 el
485 1799 544 1868 ille
567 1800 705 1868 veritate
727 1809 757 1867 et
771 1802 818 1869 od
847 1800 941 1868 illem
967 1800 1089 1868 nitilm·
1113 1799 1296 1887 peruenire.
1322 1800 1367 1867 Ex
1391 1820 1455 1889 quo
1476 1800 1642 1871 manifeste
1661 1822 1714 1891 ap

213 1922 317 2001 placet,
340 1916 425 2005 quod
449 1918 645 1986 cenirmctus
674 1919 720 1986 sit
742 1919 921 1986 intellectos
948 1926 1058 1985 noster
1090 1917 1156 2004 ipsi
1177 1925 1331 1997 oeterrlue
1358 1917 1511 1997 veritali,
1539 1919 1617 1986 dum
1650 1919 1709 1987 nisi

210 2051 272 2118 per
296 2032 390 2100 illem
412 2032 576 2101 decernent
599 2035 676 2104 nihil
702 2054 815 2104 rerum
838 2043 939 2124 potest
962 2034 1225 2103 certitudinaliler
1248 2050 1361 2121 capere
1377 2059 1408 2099 n.
1433 2032 1533 2102 Simili
1557 2034 1714 2103 modoad

214 2150 316 2217 113333
341 2150 464 2218 reducit
487 2152 702 2239 operationem
718 2153 855 2221 uirtutis
878 2153 1028 2222 electione
1050 2159 1082 2220 et
1105 2138 1281 2219 concludit:
1311 2176 1327 2213 u
1343 2152 1442 2218 Tanto
1457 2158 1506 2221 cst
1521 2152 1569 2220 ris
1588 2154 1718 2221 scerremi

215 2264 292 2332 13333·
299 2318 309 2346 ,
334 2273 370 2333 31
393 2266 471 2333 311311
496 2267 555 2335 nisi
580 2286 637 2356 per
661 2268 748 2337 illius
770 2268 967 2338 desiderium
989 2288 1008 2336 a
1031 2276 1178 2336 creatura
1201 2267 1300 2355 possit
1322 2267 1421 2335 amari
1437 2294 1467 2333 a.

303 2382 548 2454 Clariusadlruc
565 2387 647 2455 idem
664 2387 850 2474 explicatio
875 2387 1090 2456 8333331133
1117 2387 1153 2455 in
1180 2388 1423 2467 llernc'enerom
1452 2388 1578 2457 Parisiis
1604 2407 1716 2459 coram

214 2500 315 2568 deictis
341 2500 419 2569 viris
453 2502 484 2568 in
518 2503 633 2571 ultimo
654 2505 766 2573 aetatis
801 2522 878 2573 sicae
912 2524 995 2572 arrno
1028 2502 1257 2590 pronunties,
1291 2522 1431 2591 qarorum
1462 2511 1568 2573 133333
1604 2512 1717 2575 malus

214 2617 381 2705 lineasque
415 2619 537 2700 editus,
560 2638 634 2687 3333
657 2620 698 2690 sil
721 2628 843 2690 1331333
869 2628 1049 2710 reportatus
1072 2621 1113 2689 313
1136 2619 1223 2701 aliis,
1248 2626 1346 2689 scatet
1378 2620 1500 2690 lacunis
1523 2630 1555 2691 et
1579 2622 1716 2693 inermis.

214 2732 332 2801 Paucas
362 2742 394 2802 et
416 2735 579 2804 breuiores
609 2738 780 2807 sententias
803 2758 845 2806 ex
876 2737 985 2805 multis
1017 2738 1090 2805 inde
1120 2743 1242 2805 surnms
1266 2736 1318 2805 liic
1344 2736 1524 2807 inserimus.
1548 2740 1649 2808 serica
1677 2742 1716 2809 l:

222 2850 313 2918 ‹ltee
345 2850 453 2938 aliquo
487 2853 581 2921 acredo
615 2854 723 2942 aliqua
757 2857 874 2923 veritas
909 2855 983 2923 sciri
1017 2861 1137 2942 potest,
1172 2854 1232 2923 nisi
1266 2872 1324 2942 per
1355 2854 1630 2943 iimplendeatiem
1662 2874 1719 2924 oe

214 2973 328 3034 terame
360 2968 554 3037 veritatis».
589 2972 689 3039 Serra.
714 2972 755 3039 3:
793 2998 808 3035 «
821 2974 880 3041 lsle
916 2972 1107 3053 intellectus,
1139 2972 1194 3059 qui
1224 2971 1394 3039 aslianna
1424 2971 1717 3041 considerationum

213 3082 441 3167 scientialiurn,
464 3087 580 3174 partim
604 3096 652 3156 est
674 3108 693 3155 a
716 3089 885 3157 dictamine
908 3095 1057 3170 litturae,
1081 3088 1148 3156 sire
1170 3108 1190 3154 3
1215 3087 1333 3155 1333333
1349 3087 1521 3168 interiori,
1538 3087 1655 3176 parlim
1670 3106 1716 3157 ex

214 3200 403 3270 certitudine
425 3205 655 3292 experientiae,
687 3207 754 3274 sire
784 3205 948 3275 aluruine
970 3205 1148 3284 anteriori,
1181 3203 1297 3291 praelim
1328 3222 1369 3271 ex
1395 3203 1605 3273 illustratione
1632 3202 1717 3274 lucis

213 3324 360 3386 aeternae
383 3319 450 3387 sire
472 3338 492 3387 3
515 3321 635 3390 133ιὶ33
656 3323 868 3409 superiori».
893 3324 953 3390 lsta
978 3321 1038 3390 tria
1062 3322 1206 3390 riiemlna
1223 3318 1362 3407 longiore
1385 3320 1533 3388 discursu
1557 3338 1599 3388 331
1623 3338 1718 3389 sacca

214 3437 378 3522 Scriptura
400 3445 432 3505 et
454 3438 525 3506 otiis
547 3440 789 3509 arroteritatilms
812 3441 987 3507 contirmat.

305 3553 441 3621 Eandem
465 3572 599 3641 prorsus
622 3556 796 3624 doctrinam
822 3555 933 3642 repetit
958 3555 988 3623 in
1012 3555 1158 3642 genuinis
1173 3552 1388 3622 Scrmeodrns
1411 3554 1450 3621 de
1473 3554 1717 3642 septemdenis

215 3669 364 3756 Spiritus
387 3662 536 3749 Sareeli„
556 3671 610 3758 oiri
639 3672 784 3759 inrprcssi
820 3679 895 3739 siunt
922 3672 1012 3754 (licet
1035 3691 1098 3739 3333
1122 3672 1260 3758 integre)
1297 3670 1329 3737 in
1360 3670 1521 3757 supplem.
1554 3669 1716 3739 1133311311

215 3786 332 3854 11333111
357 3793 377 3853 t.
403 3786 449 3852 111.
473 3788 532 3855 col.
556 3789 631 3856 1371.
657 3808 687 3855 n.
713 3792 765 3856 78.

196 3949 198 3953 ψ
304 3902 515 3969 1311333333.
540 3902 644 3972 Serra.
668 3907 699 3973 t.
723 3906 818 3973 etiam
843 3907 921 3974 13333
945 3906 1108 3992 leguntur:
1139 3930 1155 3966 «
1172 3906 1241 3972 tux
1265 3904 1389 3971 aniame
1412 3910 1461 3973 est
1484 3903 1611 3972 veritas
1633 3904 1719 3973 llaec

215 4019 273 4085 lux
297 4019 396 4087 arescit
417 4038 584 4102 occasum3
608 4022 650 4089 ita
673 4023 757 4091 enim
774 4023 896 4090 sortiter
920 4022 1051 4089 irradiat
1067 4040 1164 4108 snper
1188 4020 1342 4101 ultimam,
1365 4025 1401 4087 ul
1416 4019 1512 4087 etiam
1535 4037 1598 4087 uon
1615 4021 1721 4107 pessit

214 4137 344 4223 cogitari
369 4157 430 4205 non
453 4156 540 4220 esse,
564 4159 622 4208 uec
644 4140 800 4228 exprimi,
824 4141 901 4229 qum
925 4142 1019 4208 lionm
1043 4140 1102 4209 sini
1127 4139 1337 4219 contradicat,
1359 4138 1435 4226 occia
1458 4139 1485 4206 si
1510 4136 1629 4207 3331133
1652 4157 1721 4207 raon

213 4263 279 4336 est,
303 4263 502 4335 3333333331,
527 4258 691 4326 veritatem
718 4278 779 4325 mm
798 4277 893 4326 esse·
925 4266 984 4325 etc.
1001 4258 1106 4325 Serm.
1134 4260 1187 4324 m:
1220 4284 1233 4312 ι
1257 4254 1402 4323 Christus
1418 4262 1467 4322 est
1489 4254 1717 4323 (1331331313-

214 4392 293 4453 rius,
317 4391 374 4441 nce
397 4374 496 4442 scitrrr
518 4375 625 4463 311333
641 4376 758 4444 veritas
782 4376 839 4443 nisi
858 4394 915 4461 per
939 4375 1062 4461 ipsum,
1086 4393 1148 4441 riou
1174 4371 1332 4459 loquendo
1352 4370 1435 4439 sicut
1457 4389 1534 4451 nos,
1557 4370 1613 4439 sed
1637 4370 1721 4439 inte«

213 4491 282 4556 rins
306 4488 524 4568 illustrante,
548 4498 580 4558 et
603 4492 674 4560 ideo
697 4510 825 4559 {necesse
840 4498 904 4571 est,
929 4496 964 4558 31
987 4490 1103 4558 lrabeat
1119 4487 1311 4557 electissimas
1329 4485 1450 4573 species
1472 4486 1559 4571 apud
1583 4502 1633 4561 se;
1650 4504 1719 4555 3333

214 4612 320 4673 marien
342 4606 383 4672 313
404 4606 467 4674 3113
490 4606 612 4694 accipit.
635 4607 704 4695 lpse
727 4607 810 4674 eriim
836 4607 967 4674 intinms
983 4613 1030 4673 ost
1045 4606 1131 4673 ornni
1154 4603 1294 4681 arrianae,
1317 4609 1349 4670 et
1368 4601 1442 4668 suia
1465 4585 1724 4688 33331313ωοί3-

214 4721 361 4788 rirsinn's
387 4720 529 4810 33131931
550 4743 652 4810 snper
675 4724 797 4810 speeies
821 4722 999 4790 irrtellectns
1022 4721 1132 4788 nestri
1154 4718 1361 4796 tenebrosos·
1384 4726 1416 4786 el
1439 4718 1484 4786 sie
1508 4715 1720 4787 illustrantur

213 4840 335 4927 species
368 4840 440 4908 illae
470 4841 710 4922 obtenebratae,
744 4840 907 4909 adunatae
940 4839 1133 4908 obscuritate
1163 4838 1437 4925 ploiartasrnatum,
1467 4841 1506 4904 ut
1535 4833 1725 4905 intellectus

214 4958 396 5045 intelligat...
413 4960 493 5028 llaec
515 4969 563 5029 est
594 4962 652 5028 lux
676 4959 931 5037 irneecessililis,
963 4966 995 5026 et
1026 4966 1129 5026 tamen
1162 4956 1311 5044 proxima
1341 4955 1483 5035 33313333,
1514 4953 1608 5020 etiam
1640 4946 1726 5037 plus

213 5093 310 5161 claram
334 5074 403 5162 ipsa
434 5075 580 5143 31131131
613 5077 709 5144 eliam
741 5074 975 5163 irmllipolilis,
1006 5081 1038 5141 et
1062 5080 1166 5141 tuanen
1198 5089 1323 5140 sururne
1353 5070 1472 5137 intima.
1506 5068 1568 5137 1133
1602 5075 1724 5139 autern

212 5191 324 5259 videre
345 5212 412 5258 3333
433 5200 481 5258 est
502 5192 561 5260 nisi
587 5192 723 5259 nominis
746 5191 891 5278 suspmnsi
915 5191 1001 5258 ultra
1025 5210 1059 5258 se
1083 5190 1113 5256 iu
1138 5189 1202 5255 alta
1225 5188 1370 5255 risione·
1403 5193 1461 5253 etc.

303 5312 336 5378 ln
361 5311 423 5379 iam
447 5310 549 5380 citatis
573 5310 842 5378 Serneenllrnsdc
862 5306 1094 5396 septemdenis
1117 5305 1266 5395 Spe-mn
1290 5300 1718 5390 8333111833331.1333111.
