3870 6488
275 378 318 445 bb
884 400 1163 448 nrssnnrarco.

363 521 512 608 Nunquid
546 541 607 588 actu
633 522 714 589 mira
736 542 788 590 res
821 529 870 590 ost
903 531 934 589 ot
963 542 1095 603 arcana,
1125 524 1211 610 qrrctd
1236 525 1298 591 iam
1323 524 1354 591 in
1380 526 1484 611 pcicno
1509 533 1663 612 conceptu
1687 525 1770 594 entis

273 629 464 706 universalis
494 656 531 705 eo
555 638 658 718 modo,
693 658 787 724 quern
821 638 927 706 recbis
950 639 989 706 cl.
1015 639 1043 704 Ι).
1070 639 1175 725 Lepidi
1201 639 1445 726 proposuimus,
1468 641 1565 707 ruenti
1601 640 1771 707 obiiciatur

274 755 395 841 aliquid
418 754 648 839 antelogicurn,
674 754 704 821 in
727 773 792 841 cluo
815 755 996 842 implicatur
1021 756 1089 841 ipsa
1112 755 1224 823 inliniti
1248 757 1329 823 entis
1352 756 1498 838 rertiitcas,
1529 763 1561 824 el
1584 756 1670 843 qnod
1699 756 1770 823 ideo

279 896 294 929 (ι
307 871 397 937 ratio
420 871 503 937 eretis
525 892 559 937 se
583 880 619 937 at
642 870 847 937 immeabile
881 880 910 938 et
944 880 1117 939 (aeternam
1140 871 1294 951 oblieiat,
1318 871 1400 960 epeia
1424 881 1586 960 tartaream
1610 871 1772 939 encambi-

275 986 370 1054 le'tam
394 987 430 1052 e'a
452 985 570 1053 clloina
593 986 745 1053 realitate
767 1006 801 1052 ce
824 986 936 1053 obilelt
952 987 989 1053 n?
1013 989 1140 1055 Constat
1162 997 1280 1069 autem,
1304 988 1344 1055 ab
1368 987 1531 1055 intellectu
1553 988 1684 1055 viatoris
1708 1006 1771 1054 non

275 1120 367 1188 posse
382 1102 491 1188 attingi
507 1101 610 1169 Deam
635 1108 670 1168 ut
693 1101 852 1170 obiectum
869 1102 1103 1183 irnrnodiatum,
1119 1121 1193 1171 curn
1210 1103 1277 1190 ipse
1293 1102 1399 1170 lacerem
1422 1100 1580 1169 irrbabt‘tet
1596 1102 1771 1170 icraceca-ri·

275 1216 370 1283 bilem
386 1217 419 1302 (l.
438 1215 516 1282 Tim.
534 1218 564 1295 b,
584 1216 666 1299 to.);
683 1236 741 1303 per
756 1235 953 1304 consumens
977 1216 1155 1285 intellectus
1179 1218 1286 1304 creauit
1311 1218 1493 1286 immediate
1515 1217 1547 1285 in
1563 1218 1629 1287 Deo
1652 1218 1772 1298 ridere,

160 1412 165 1423 Ι
276 1332 354 1400 iliud
378 1351 435 1400 ens
456 1350 526 1399 esso
550 1333 784 1400 constabilitum
809 1333 839 1399 in
863 1333 970 1400 divina
993 1333 1145 1401 realitate.
1169 1336 1297 1401 Constat
1320 1334 1431 1415 etiam,
1455 1341 1490 1401 ut
1505 1352 1580 1402 curn
1602 1334 1715 1407 eodem
1731 1334 1772 1401 ci.

273 1457 403 1516 auctore
420 1448 605 1535 opinamur,
631 1448 825 1517 intellectum
843 1468 904 1516 nrm
922 1467 1013 1536 posse
1039 1449 1118 1517 iliud
1142 1450 1370 1536 onloiogicurn,
1394 1450 1481 1537 clnod
1504 1456 1553 1517 est
1575 1450 1771 1517 elementum

274 1563 509 1632 tundamentnie
525 1582 602 1630 sacae
619 1564 777 1645 veritatis,
799 1589 815 1625 a
825 1564 1025 1633 emendicare
1040 1584 1059 1630 a
1076 1565 1208 1632 veritato
1223 1563 1410 1633 existentiae
1434 1582 1545 1632 cerunt
1560 1563 1724 1633 tinitarum
1739 1590 1771 1629 a.

274 1682 331 1750 l‘er
353 1700 449 1767 arrrun
474 1680 570 1766 igitur
595 1679 679 1745 riacn
703 1679 856 1766 recipitur
873 1680 914 1747 ab
931 1680 1093 1748 intellectu
1111 1679 1190 1747 illud
1203 1680 1290 1768 quoti
1307 1679 1367 1767 ipsi
1383 1679 1533 1749 obiicitur
1548 1678 1772 1766 analogicum,

275 1816 339 1884 cluo
362 1797 519 1864 mediante
543 1796 610 1884 ipse
635 1796 782 1863 tramite
805 1802 950 1883 potesta
983 1796 1081 1865 rebus
1115 1795 1369 1883 contingentibus
1391 1796 1433 1865 ad
1456 1795 1601 1863 ordinem
1625 1794 1774 1863 immuta·

276 1913 348 1981 bilis
373 1912 538 1980 recitatis?

364 2028 429 2094 Non
453 2044 624 2113 negamuS,
648 2027 689 2095 ad
724 2027 782 2094 bas
816 2026 1019 2095 difficultates
1052 2027 1222 2119 solvendas
1257 2025 1491 2109 recurrendum
1514 2044 1585 2095 esse
1607 2025 1704 2094 etiam
1726 2026 1770 2095 ad

276 2143 376 2231 ipsun
400 2144 577 2212 intellectus
600 2143 813 2224 tantillitatem,
836 2143 890 2229 qui
915 2150 950 2211 ut
975 2142 1077 2229 imago
1102 2144 1156 2212 Dei
1180 2144 1222 2211 ab
1244 2143 1365 2230 origine
1390 2143 1421 2209 in
1444 2161 1479 2211 se
1501 2147 1607 2231 portat
1635 2141 1772 2210 «iumen

275 2258 384 2329 vuitus
407 2260 532 2327 divini»
561 2279 598 2327 ac
621 2260 871 2328 conformitatem
903 2261 1062 2347 quandam
1097 2279 1170 2329 curn
1196 2259 1357 2328 intellectu
1380 2259 1536 2340 increat03
1560 2257 1636 2327 item
1666 2276 1773 2327 recur-

276 2375 411 2443 rendum
435 2393 505 2443 esse
527 2376 568 2442 ad
592 2376 757 2444 veritatem
790 2383 927 2443 arctatam
964 2394 1075 2443 rerum
1109 2382 1203 2443 extra
1227 2394 1301 2456 nrm,
1325 2394 1408 2462 qrrae
1431 2382 1506 2444 sunt
1528 2373 1773 2461 exemplataoa

275 2490 382 2557 divino
404 2490 591 2575 execnptaci.
615 2491 732 2559 Tamen
749 2510 822 2559 cum
840 2491 1017 2559 intellectus
1041 2490 1259 2577 aliquomodo
1279 2490 1542 2578 supergrediatur
1564 2495 1668 2559 totum
1689 2489 1774 2557 ordi-

274 2625 346 2674 nem
369 2613 530 2689 erardum,
554 2607 683 2694 quando
705 2608 734 2676 ei
757 2606 878 2694 aliquid
913 2606 1000 2693 (ticet
1023 2606 1220 2694 implicatum
1244 2606 1276 2673 in
1299 2606 1374 2690 aiio)
1397 2606 1567 2688 obiicitur,
1595 2605 1684 2693 quod
1707 2624 1770 2674 uon

277 2721 335 2789 nisi
354 2722 385 2789 in
403 2722 468 2790 Deo
492 2721 646 2790 abiectire
670 2729 701 2791 et
724 2723 853 2810 proprie
877 2721 976 2809 possit
998 2739 1068 2790 csse
1091 2724 1226 2808 (ncrnpo
1249 2739 1306 2789 ens
1328 2729 1360 2789 et
1385 2740 1496 2789 veruca
1514 2722 1774 2808 universalior&

277 2838 498 2906 Borramntura
513 2856 587 2905 curn
603 2838 673 2906 aliis
690 2838 781 2906 iuxta
806 2846 942 2905 rnrntmn
959 2840 989 2904 S.
1005 2837 1168 2924 angustini
1186 2837 1246 2905 ista
1261 2855 1324 2905 non
1347 2836 1440 2923 plene
1462 2836 1613 2927 sufficere
1634 2838 1771 2919 asserit,

276 2960 312 3021 ut
334 2970 487 3040 expresse
511 2952 588 3021 dicit
611 2954 641 3019 in
666 2953 865 3038 Quaestione,
883 2952 1040 3040 tctqrrendo
1056 2953 1097 3021 de
1113 2953 1259 3040 opinione
1273 2952 1416 3021 seeundo
1432 2952 1501 3021 ioco
1515 2952 1669 3039 exposita
1686 2953 1774 3021 L'ltca

277 3071 361 3137 enirn
387 3070 552 3137 veritatem
578 3077 735 3149 creatam,
751 3087 833 3156 quae
857 3076 905 3136 cst
927 3087 969 3136 ex
991 3095 1006 3128 «
1019 3068 1220 3154 influentia»
1242 3068 1350 3136 divina
1365 3077 1493 3137 creante
1507 3077 1540 3138 et
1554 3074 1773 3151 conservanto,

277 3184 470 3253 intellectum
489 3185 628 3252 edirrnat
649 3191 796 3271 oportere
820 3185 967 3271 progredi
984 3185 1025 3252 ad
1043 3185 1192 3253 nttnnun
1217 3184 1359 3253 recitatis
1375 3185 1630 3267 lrnrdamenturn,
1650 3184 1773 3253 «adire

273 3300 407 3388 periclo»
432 3301 549 3387 aliquo·
563 3300 657 3367 modo
682 3300 821 3367 rationes
843 3307 1009 3381 aeternas,
1043 3300 1072 3367 in
1096 3299 1260 3387 principiis
1292 3299 1557 3368 intellectualibus
1580 3298 1769 3368 relucentes

276 3417 341 3483 Non
364 3424 472 3484 arnan
496 3435 585 3483 mens
609 3414 734 3501 attingit
757 3434 811 3483 eas
837 3422 871 3483 ut
894 3415 1053 3482 obieeta-m
1078 3415 1297 3484 immediatum
1328 3422 1360 3483 et
1394 3416 1586 3497 taracinam,
1621 3415 1678 3485 sed
1713 3432 1773 3503 per

275 3529 558 3620 reclamanem
583 3531 668 3617 ipsae
693 3531 882 3618 imprimunt
905 3531 936 3598 in
962 3531 1176 3611 intellectum,
1202 3540 1238 3598 ut
1260 3549 1354 3617 saepe
1376 3530 1529 3599 diximus.
1572 3512 1576 3519 ⁵
1621 3568 1624 3573 ·

365 3648 397 3713 ln
422 3666 456 3714 ce
478 3654 541 3713 tarn
565 3646 749 3714 abscondita
771 3646 944 3733 unicnique
968 3646 1057 3714 tacite
1081 3647 1283 3726 anteceditur,
1308 3653 1343 3714 ut
1367 3646 1398 3713 in
1414 3664 1511 3715 sensu
1535 3665 1594 3715 suo
1616 3646 1771 3715 abundet.

274 3764 446 3829 Tantorum
469 3768 576 3829 aalma
600 3761 771 3829 [tactorum
796 3762 982 3829 sententiam
1007 3763 1102 3848 (acrae
1126 3763 1257 3849 insuper
1273 3762 1425 3848 gravibus
1442 3762 1555 3830 nititur
1577 3762 1771 3847 rationibus)

277 3879 364 3945 baad
390 3877 479 3966 parri
515 3878 714 3964 perdendam
751 3896 820 3945 osse
855 3885 1016 3964 putamus.
1053 3877 1216 3945 Probabile
1250 3885 1355 3945 banton
1378 3885 1436 3959 est,
1463 3878 1559 3945 etiarn
1582 3897 1640 3965 pro
1663 3886 1776 3947 nostra

275 4000 376 4060 aetate
401 3994 527 4074 valere,
550 4011 633 4080 qnae
656 3992 847 4079 seraphicus
870 3992 985 4059 Doetnc
1009 3992 1053 4077 lin
1079 3993 1138 4058 bac.
1162 4012 1221 4060 sua
1244 3994 1372 4078 Quaest.
1389 3992 1428 4060 ad
1450 3996 1514 4079 re.)
1534 3993 1625 4062 dicit:
1649 3995 1775 4063 «Pauci

276 4108 405 4193 qnidam
429 4115 503 4175 sunt
533 4107 587 4195 qui
614 4107 686 4175 illas
710 4108 847 4174 rationes
870 4107 980 4173 sca'cnrt
1003 4126 1038 4174 se
1060 4107 1215 4192 attingere
1224 4132 1232 4187 ;
1257 4108 1355 4174 inuno
1378 4107 1462 4195 qnod
1488 4108 1562 4195 plus
1584 4116 1651 4191 est,
1678 4110 1777 4196 pauci

276 4230 351 4290 srrnt
374 4223 428 4309 qai
454 4223 551 4290 velint
582 4223 642 4291 hoc
679 4223 830 4300 credere,
865 4222 940 4308 cloia
975 4222 1102 4290 difficile
1137 4222 1264 4290 ridetur
1288 4222 1461 4291 intellectui
1484 4224 1525 4292 ad
1548 4231 1680 4293 aeterua
1703 4244 1779 4295 eon·

276 4339 459 4427 temptanda
482 4339 622 4406 nondum
646 4338 786 4418 elevato,
809 4338 894 4423 qcrod
921 4338 963 4403 ita
987 4337 1102 4404 batteat
1133 4338 1232 4405 Ilourn
1268 4345 1466 4424 praesentem
1491 4345 1523 4407 ot
1545 4338 1776 4427 propinquum,

276 4474 349 4524 curn
372 4464 477 4522 tarmen
503 4454 587 4522 (licat
613 4454 730 4520 Paulas
765 4454 842 4537 (dcl.
870 4456 927 4534 tr,
952 4452 1025 4536 at),
1049 4453 1135 4539 cpaod
1159 4473 1225 4519 eron
1249 4452 1341 4541 leupo
1363 4462 1411 4521 est
1432 4453 1475 4522 ab
1500 4475 1696 4545 unoquoque
1720 4477 1777 4525 no·

274 4580 385 4639 rtrrcm
400 4596 430 4637 n.
