3870 6488
448 1205 757 1326 Quantulo
793 1204 1150 1323 DISPUTATA
1186 1206 1391 1323 Ptolom

735 1495 805 1576 ΕΒ.
835 1495 1108 1579 EUSTACHH.

178 2381 285 2457 'lertio
306 2383 474 2479 quaeritur
496 2383 535 2457 tle
550 2382 669 2458 tntum
691 2382 848 2478 quantum
863 2382 905 2456 ad
919 2381 987 2457 eiua
1001 2382 1220 2476 cognitionem.
1235 2384 1279 2458 ut
1294 2384 1379 2457 oiroa
1397 2382 1454 2457 hoo
1470 2380 1673 2478 queniam,

266 2499 378 2574 utrum
401 2499 529 2591 amma,
552 2498 605 2574 trio
625 2499 761 2573 oriamur
784 2499 819 2572 in
841 2499 933 2574 atain
948 2499 1039 2589 rico,
1055 2499 1182 2593 dirtgm
1196 2500 1359 2594 omentum
1374 2520 1465 2574 nuum
1484 2500 1519 2573 in
1535 2499 1677 2577 divinam

264 2615 434 2690 mennam
455 2615 640 2690 immutate
661 2616 697 2690 ut
719 2614 870 2709 attingat
891 2615 934 2689 ott
956 2615 1069 2709 ipram

268 2850 364 2949 Quod
384 2869 475 2926 nnn.
497 2850 640 2921 vitietur.
780 2898 782 2904 ι
1247 2900 1250 2907 -

269 2968 297 3035 t.
320 2966 535 3037 Dammconus
549 2967 655 3057 primo
677 2967 769 3047 libro,
785 2967 926 3056 capitulo
947 2966 1088 3056 quartu’
1110 2967 1201 3051 dicit,
1217 2967 1302 3057 quod
1326 2967 1413 3038 neus
1427 2974 1476 3038 est
1490 2988 1588 3057 super
1604 2969 1677 3039 sule

174 3082 324 3152 stantiam
345 3090 384 3153 et
399 3101 499 3173 super
528 3084 757 3171 coguitionem3
780 3084 837 3154 sed
867 3082 954 3173 quod
976 3091 1025 3153 est
1055 3083 1132 3167 tale,
1154 3104 1218 3154 nou
1241 3085 1406 3173 attingitur
1430 3085 1612 3156 immediato
1635 3087 1678 3154 ab

175 3197 338 3268 intellectu
368 3199 508 3268 naturali
537 3200 728 3288 cognitione:
760 3218 836 3289 ergo
867 3201 974 3269 anima
995 3220 1058 3269 nnn
1080 3201 1206 3290 attingit
1228 3202 1406 3290 cognitione
1430 3202 1613 3272 immediate
1635 3203 1677 3273 ad

175 3316 316 3387 diuinam
339 3316 508 3388 esaontiaru
531 3320 750 3408 cognoscendo
763 3319 786 3386 ⁸.

265 3434 296 3502 2.
320 3433 414 3517 item,
438 3435 654 3505 Damascenus
682 3435 825 3505 ibloom‘
849 3435 926 3506 dicit
948 3436 988 3506 do
1010 3436 1089 3506 ileo:
1119 3435 1239 3523 «Quid
1259 3444 1308 3507 ost
1331 3437 1508 3507 secuudum
1533 3435 1678 3507 substan-

176 3550 253 3619 tiam
275 3555 308 3620 nt
329 3558 493 3635 naturam,
515 3551 644 3621 omnino
667 3552 812 3640 ignotum
828 3559 920 3622 cst».

773 3785 823 3855 nn
845 3784 1082 3857 ortostrurt:

270 4018 297 4086 t.
321 4016 515 4106 Augustinus
545 4026 657 4088 ocum
686 4017 728 4088 de
744 4018 918 4102 trinitate,
948 4018 1088 4106 capituto
1111 4018 1277 4088 secundo·
1308 4018 1441 4107 loquens
1464 4018 1504 4088 de
1528 4015 1679 4098 veritato,

177 4151 261 4224 queo
281 4133 369 4206 neus
390 4141 452 4216 est,
468 4135 558 4204 dicit:
590 4134 643 4203 ·0
665 4135 786 4217 anima,
811 4135 898 4217 vide,
914 4135 940 4204 si
964 4143 1069 4223 potes:
1096 4134 1183 4204 Deua
1198 4134 1324 4204 oeritoo
1345 4143 1401 4204 ort
1419 4134 1481 4204 lloc
1505 4134 1590 4204 euim
1606 4133 1682 4201 scri·

177 4257 271 4347 ptum
288 4259 354 4322 cat:
377 4251 538 4342 quonium
562 4251 650 4319 Deua
673 4249 734 4318 len
756 4260 820 4333 cat,
844 4265 905 4320 non
928 4250 1090 4340 quomodo
1113 4251 1164 4320 isti
1187 4250 1272 4320 ocuti
1295 4251 1421 4335 vident,
1443 4250 1499 4319 sed
1520 4248 1681 4338 quomodo

178 4368 268 4439 videt
288 4386 353 4439 ror.
375 4368 455 4437 cum
478 4368 587 4438 andin:
614 4368 702 4436 Duco
724 4367 850 4436 veritur
871 4376 934 4448 cst,
958 4362 1023 4436 uoti
1046 4384 1217 4455 quaerere,
1240 4366 1318 4456 quio
1340 4368 1383 4436 nit
1406 4368 1541 4447 veritam
1574 4364 1680 4434 statim

179 4484 265 4555 euim
286 4502 321 4555 ne
355 4491 515 4573 opponent
537 4483 687 4571 caligines
720 4483 895 4571 imaginum
923 4482 1137 4571 corporalium
1171 4490 1204 4552 et
1226 4482 1338 4552 nubila
1359 4482 1618 4571 phantasmatum
1648 4485 1682 4548 et

179 4599 415 4689 perturbabunt
436 4600 654 4683 serenitatem,
677 4618 760 4688 quae
787 4599 892 4689 primo
922 4599 984 4669 icto
1007 4599 1126 4668 diluxit
1157 4597 1232 4680 tini,
1254 4617 1329 4668 num
1360 4597 1522 4668 diceretur
1543 4595 1681 4664 nocitor.

182 4714 281 4797 Erae,
303 4716 336 4787 iu
359 4717 429 4806 ipso
450 4716 556 4805 primo
578 4734 638 4785 sno
660 4716 741 4798 ictu,
763 4734 828 4804 qun
850 4715 939 4785 relut
961 4715 1180 4785 coruscatione
1202 4713 1442 4803 perstringeris,
1467 4730 1541 4781 cnm
1564 4711 1681 4780 dicitur

271 4983 280 5021 ¹
300 4986 320 5040 n
338 4985 373 5041 at
389 4983 547 5057 poneretur,
568 4990 595 5038 et
611 4998 673 5038 mox
692 4982 842 5039 namur
861 4986 918 5039 tono
936 4983 1049 5039 citatur.

242 5133 244 5138 .
271 5081 339 5139 *De
357 5084 419 5138 stne
436 5083 600 5138 ortnodonat
621 5078 687 5152 ὑπὲρ
705 5076 796 5136 niutau
815 5078 859 5133 nni
878 5084 969 5152 γνῶσιν
988 5077 1070 5135 ἕσται.

269 5179 559 5253 ’neopnoacmttuun

272 5282 329 5336 ⁴ln
349 5289 418 5336 textu
445 5282 545 5336 Graeco
573 5281 686 5347 togttur:
714 5277 747 5333 Ἠ
776 5278 802 5331 δὲ
831 5274 885 5332 inat
914 5273 1080 5333 κατ’-οὐσίαν
1109 5274 1151 5329 nni
1170 5276 1261 5348 piato,
1282 5265 1468 5344 ἇκατὰληπτον
1492 5275 1624 5336 παντελῶς
1642 5272 1687 5328 καὶ

189 5374 332 5452 {ponerem

271 5479 378 5533 *litum
397 5480 423 5533 l
441 5479 526 5533 lucus
545 5480 694 5545 scriptumne
712 5485 753 5532 est
771 5477 788 5531 l.
807 5477 875 5531 toan.
897 5478 925 5544 l,
944 5477 970 5531 t.
990 5477 1069 5532 -in
1089 5483 1157 5530 tortu
1177 5476 1297 5543 nrlgtnnll
1316 5480 1376 5543 pont
1398 5488 1462 5530 cum
1488 5472 1569 5530 mitiis
1591 5475 1686 5539 omitti·

186 5585 229 5635 tur
246 5577 325 5644 Deua,
339 5582 364 5632 et
376 5582 467 5645 posteo
485 5575 597 5632 iubetur
609 5590 672 5634 cunt
685 5574 800 5633 umorem
813 5576 870 5631 loco
883 5589 946 5633 cum
963 5573 1116 5647 iterem,-
1134 5574 1248 5645 tteuique
1266 5573 1346 5632 odttto
1363 5573 1458 5628 omtttit
1474 5585 1543 5641 nto,
1557 5573 1617 5626 ott
1635 5586 1685 5640 pro

185 5678 412 5750 mimum·
