3870 6488
286 327 342 398 lut
796 345 947 406 ouausno
970 345 1142 398 oisrurara
1166 347 1264 399 ruina

282 472 427 551 emitas,
460 489 566 551 ritune,
598 469 623 539 si
655 478 790 560 potes».
817 472 861 540 lix
893 472 953 541 luae
983 473 1171 542 auctoritato
1202 474 1356 557 habetur,
1387 475 1474 564 quod
1506 475 1629 545 Veritas
1660 475 1715 545 illa
1739 474 1784 544 in·

280 597 387 658 creata
417 589 521 676 primo
552 588 615 656 ictu
647 596 678 656 et
702 587 884 657 immediate
915 588 1000 659 lucet
1028 589 1146 671 menti,
1176 596 1208 660 et
1238 590 1282 659 ita
1313 609 1403 660 mens
1433 592 1474 659 ad
1499 591 1601 680 ipsam
1631 591 1785 681 pertingit

281 706 473 775 inunediate.

370 825 400 890 9.
426 822 519 893 item.
543 820 751 911 Augustinus·
768 840 851 889 nono
881 821 931 895 de,
953 822 1285 912 Trinitatecapitulo
1307 824 1442 897 sexu&
1469 848 1488 885 o
1503 822 1612 917 ltaque
1642 823 1684 892 de
1715 823 1788 893 istis

281 939 457 1007 secrrndum
487 937 574 1005 illam
598 938 732 1006 formam
757 938 953 1022 iudicaturus,
976 939 1036 1008 hoc
1058 947 1108 1008 est
1130 939 1307 1009 secundnm
1334 940 1470 1007 sormam
1495 939 1643 1009 Veritatis
1666 940 1790 1009 morea·

282 1063 345 1136 tae,
361 1062 392 1123 et
416 1055 502 1122 illam
527 1054 688 1123 cernimus
712 1055 874 1123 rationalis
892 1057 1012 1139 mentis
1028 1055 1145 1125 intuitu
1161 1085 1195 1130 υ,
1217 1056 1296 1143 Ergo
1313 1073 1403 1125 mens
1426 1056 1568 1125 bumaria
1583 1075 1642 1126 suo
1665 1056 1789 1126 intuitu

280 1171 322 1239 ad
346 1170 432 1239 illam
454 1172 624 1240 Veritatem
650 1171 820 1240 increatam
845 1171 1027 1240 immediate
1050 1151 1209 1260 pertingit,

371 1287 401 1355 3.
426 1288 520 1368 item,
544 1288 656 1355 eodem
679 1287 818 1375 capitulo
836 1288 867 1355 in
892 1288 971 1377 lune:
1004 1289 1179 1357 «Rationes
1201 1295 1368 1377 armumque
1389 1289 1590 1358 ineffabiliter
1612 1289 1790 1378 pulcmm’

283 1423 380 1490 super
402 1404 503 1471 aciem
526 1404 642 1472 mentis
665 1403 799 1490 simplici
824 1404 1030 1492 intelligentia
1060 1404 1264 1492 capientes»,
1287 1406 1417 1495 supple:
1443 1425 1585 1486 ramum·
1606 1414 1638 1475 et
1661 1407 1687 1474 si
1712 1406 1793 1475 siur-

283 1519 355 1606 plici
379 1519 598 1606 intelligentia:
623 1537 699 1606 ergo
722 1520 801 1587 nillil
824 1520 908 1589 cadit
925 1521 967 1589 ini
993 1521 1148 1601 medium,
1173 1522 1271 1589 immo
1294 1540 1385 1590 mens
1407 1521 1447 1591 ad
1472 1522 1574 1611 ipsam
1604 1522 1792 1592 immediate

283 1634 445 1722 prestingit.
468 1672 473 1681 ·

371 1752 404 1819 t.
421 1751 510 1832 item,
527 1753 720 1839 logostilcos
743 1753 853 1821 eodem
879 1753 973 1836 ltro,
997 1754 1137 1841 capitulo
1153 1753 1324 1842 septimo⁸:
1345 1753 1405 1821 «ln
1421 1753 1476 1823 illa
1490 1760 1621 1823 aeterna
1637 1753 1792 1835 l'eritate,

284 1886 325 1936 ox
342 1886 406 1956 qua
422 1867 609 1954 terupnralia
624 1869 705 1936 lacta
729 1878 804 1937 sunt
825 1870 950 1951 omnia,
974 1870 1120 1952 tornum,
1142 1869 1321 1938 secundum
1345 1888 1442 1958 quam
1466 1887 1597 1951 sumus,
1618 1876 1651 1938 et
1675 1888 1792 1939 secun·

283 1984 363 2051 dum
386 2001 483 2071 quam
507 1983 558 2052 vel
582 1983 613 2051 in
631 1984 722 2052 nobis
745 1984 795 2051 uel
812 1984 843 2051 in
867 1984 1056 2071 corporibus
1072 2004 1148 2054 vera
1171 1992 1203 2053 et
1218 1992 1305 2057 recta
1329 1984 1449 2053 ratione
1464 1984 1586 2072 aliquid
1600 2002 1793 2073 operamur,

285 2100 356 2168 visu
381 2100 495 2168 mentis
517 2101 708 2188 aspicimus,
732 2108 828 2188 atque
851 2100 925 2171 inde
947 2107 1131 2189 conceptam
1155 2118 1434 2171 rerum-ueraoem
1458 2101 1601 2184 notitiam
1615 2156 1617 2161 .
1633 2106 1791 2188 tanquam

285 2217 421 2284 vcrlnnn
444 2216 528 2302 apud
554 2235 612 2284 nos
636 2216 834 2284 titubemus».
855 2217 899 2284 Ex
923 2217 983 2285 hac
1006 2216 1193 2285 anctoritate
1212 2216 1367 2299 liabetur,
1390 2216 1478 2304 qtrod
1502 2214 1792 2285 Veritas-increata

285 2344 334 2403 est
358 2333 438 2401 ratio
462 2334 589 2402 ridendi
614 2351 725 2401 omnes
746 2333 825 2401 alias
849 2334 1015 2414 veritates,
1034 2341 1070 2402 et
1093 2334 1179 2421 quod
1204 2333 1234 2400 in
1267 2333 1336 2420 ipsa
1364 2351 1476 2402 omnes
1511 2333 1670 2401 videntur.
1701 2331 1795 2400 Sicut

286 2449 383 2536 igitur
406 2449 589 2536 speculum,
613 2450 732 2537 inquo
756 2449 905 2517 ridentur
937 2448 1111 2536 imagineS,
1134 2455 1182 2517 est
1206 2449 1347 2516 maxime
1370 2455 1481 2516 notum
1506 2446 1606 2529 risui,
1628 2454 1674 2531 ‚et
1702 2446 1793 2516 sicut

287 2565 429 2632 inedium
455 2565 486 2632 in
510 2564 778 2633 demonstratione
802 2565 944 2633 maxime
965 2572 1017 2633 est-
1037 2573 1165 2647 notum,
1190 2566 1233 2633 ita
1251 2564 1382 2634 ,Veritas
1413 2565 1569 2647 increata,
1592 2565 1624 2633 in
1636 2564 1652 2617 ⁴-
1666 2582 1733 2653 qua
1759 2572 1795 2632 et

286 2702 343 2771 per
366 2702 464 2773 quam
487 2689 722 2770 cognoscuntur
744 2700 855 2751 onuims
878 2682 958 2751 aliae
990 2683 1156 2765 ueritates,
1191 2683 1333 2752 maximo
1366 2691 1416 2751 est
1438 2688 1513 2749 nota
1538 2679 1734 2762 intellectui;
1760 2686 1795 2751 et

285 2802 329 2870 ita
351 2802 458 2870 anima
481 2801 663 2870 immediate
685 2806 850 2888 aspectum
875 2817 971 2870 suum
995 2800 1104 2888 dirigit
1127 2800 1158 2868 in
1181 2799 1271 2868 illam
1295 2798 1466 2869 Veritatem
1496 2797 1645 2887 primam.
1765 2860 1769 2867 .

916 3032 1157 3103 adsuetudo:

376 3267 569 3347 dicendum,
593 3268 679 3354 quod
703 3267 825 3354 duplex
848 3272 898 3335 est
921 3266 1056 3354 cognitio
1079 3266 1180 3355 ipsius
1203 3267 1341 3336 animae:
1366 3266 1523 3354 quaedam
1540 3272 1598 3347 est,
1609 3283 1693 3352 quae
1708 3283 1798 3333 com·

288 3383 365 3471 petit
380 3383 408 3451 ei
425 3383 603 3451 secundum
628 3390 814 3469 potestatem
837 3400 915 3450 suae
937 3390 1088 3465 naturae,
1112 3383 1270 3472 quaedam
1287 3391 1410 3465 autem,
1425 3401 1508 3471 quae
1523 3382 1673 3469 monpetit
1687 3381 1717 3451 ei
1734 3360 1798 3469 per

286 3499 459 3568 elucacinn
482 3497 539 3566 et⁸
563 3498 716 3566 virtutem
740 3498 866 3566 divinae
891 3497 1083 3567 influentiae.
1109 3498 1186 3567 Etsi
1213 3499 1382 3587 loquamur
1398 3499 1438 3568 de
1462 3499 1523 3568 ista
1538 3498 1690 3581 secunda,
1705 3498 1798 3580 dico,

286 3615 373 3702 ‹puod
398 3614 457 3682 ista
479 3621 529 3682 est
551 3613 691 3700 duplex;
715 3614 791 3702 quia
814 3613 975 3702 quaedam.
996 3622 1044 3682 ost
1064 3613 1232 3699 quaerulis
1255 3614 1436 3696 influentia,
1460 3632 1525 3702 qua
1546 3614 1649 3696 lione,
1664 3614 1722 3702 qui
1744 3622 1799 3684 est

286 3733 345 3800 lux
369 3749 511 3813 summa,
535 3731 620 3798 lucet
642 3738 674 3799 et
698 3729 802 3798 inssuit
826 3731 856 3797 in
880 3731 965 3798 omni
989 3731 1184 3818 cognitione,
1209 3739 1246 3799 ut
1268 3731 1345 3799 dicit
1368 3731 1604 3817 ¹lugustlnus⁶3
1631 3730 1796 3818 quaedam

286 3855 394 3916 arrtem
418 3855 466 3915 est
488 3845 660 3934 specialis,
683 3865 749 3933 qua
771 3846 977 3933 singulariter
1000 3845 1104 3916 elevat
1126 3854 1249 3916 mentes
1271 3847 1395 3936 aliquas
1418 3855 1450 3916 et
1473 3847 1611 3916 illustrat
1632 3847 1800 3934 adcogni-

288 3964 406 4032 tioncm
429 3963 612 4050 aliquorum
636 3962 820 4041 divinornm
844 3970 876 4030 et
898 3962 1145 4043 altissimorum,
1167 3963 1209 4031 ad
1232 3980 1316 4050 quae
1339 3981 1402 4030 non
1416 3962 1520 4033 elevat
1535 3962 1622 4031 alian
1638 3963 1671 4030 Si
1685 3961 1801 4050 loqua-

287 4097 361 4147 mur
385 4078 425 4147 dc
449 4079 570 4166 prima,
595 4079 683 4155 dico,
706 4079 793 4166 quod
818 4077 1083 4146 intellectusnon
1107 4078 1234 4165 attingit
1257 4076 1439 4147 immediate
1462 4077 1503 4146 ad
1528 4078 1628 4167 ipsam
1650 4078 1798 4147 divinam

289 4195 458 4262 essentiam
484 4194 515 4261 in
539 4212 599 4262 sua
622 4193 778 4282 punitate,
803 4200 838 4261 ut
861 4193 984 4274 rideat,
1007 4193 1091 4283 quid
1105 4194 1159 4276 sit,
1176 4195 1236 4263 huc
1252 4201 1301 4265 est
1315 4194 1386 4263 eius
1401 4192 1621 4281 quidditrtem.
1637 4194 1668 4262 Si
1683 4201 1798 4265 autem

289 4310 460 4398 loquamur
482 4310 524 4379 dc
548 4311 702 4391 secunda,
725 4311 811 4391 iiico,
830 4310 920 4398 quod
945 4308 981 4376 in.
1008 4310 1171 4398 aliquibus
1200 4310 1325 4397 attingit
1355 4308 1538 4378 immediate
1571 4308 1613 4377 ad
1640 4309 1800 4380 intuitum

289 4425 415 4494 divinae
438 4426 593 4494 essentiae
615 4426 853 4507 innnediatum‚
889 4426 971 4494 siout
994 4425 1185 4513 generaliter
1210 4425 1242 4493 in
1273 4425 1423 4495 omnibus
1446 4426 1565 4507 Beatis,
1588 4432 1620 4495 et
1654 4425 1740 4496 sicut
1764 4428 1802 4498 in

382 4765 390 4800 ¹
412 4767 488 4819 Num.
512 4768 550 4820 ll.
570 4768 595 4819 in
615 4768 675 4818 linia.

382 4864 392 4898 ⁹
412 4864 495 4918 Editio
515 4867 557 4919 lric
576 4865 665 4918 addit:
685 4865 774 4919 talium
795 4864 949 4931 dgrrrarnm.

381 4962 487 5016 ³Num.
512 4966 550 5016 lt.

383 5060 393 5096 ⁴
412 5063 432 5113 li
450 5064 592 5128 supprimit
612 5062 831 5131 piraropositlonrm
850 5059 887 5114 iu.

382 5160 432 5217 5Β
450 5163 543 5226 rapuerit
560 5175 619 5230 per.

381 5260 463 5315 ⁶Cir.
482 5260 515 5314 dc
535 5262 583 5314 lruc
601 5260 699 5327 (iuridici
719 5260 851 5313 inlluuntiu
871 5258 1034 5325 Augustinus
1060 5272 1142 5324 stqur
1160 5260 1280 5311 Gerrosiru
1300 5258 1334 5312 ud
1352 5256 1424 5326 tut,
1445 5256 1512 5311 llluo
1531 5258 1626 5315 xlta
1649 5259 1695 5314 31.
1714 5274 1742 5315 n.
1762 5261 1809 5317 59.
