3870 6488
226 356 290 424 itu
804 369 955 430 ornnsrro
978 369 1150 420 orseurnrn

225 497 517 579 incommutabilem
541 497 623 566 sicut
646 496 801 584 sigillum,
824 496 954 584 quando
976 495 1172 583 imprimitur
1187 495 1219 563 in
1243 511 1327 577 cera,
1342 494 1537 583 derelinquit
1556 493 1723 583 quoddam

224 614 394 701 vestigium
417 614 449 681 in
472 632 563 694 cera,
587 631 672 700 quo,
695 612 720 679 si
745 630 819 681 cera
842 612 975 680 haheret
1008 611 1159 680 virtutem
1193 610 1400 698 cognidium,
1423 617 1531 699 posset
1553 611 1663 698 ipsum
1685 611 1725 681 si·

224 730 336 816 gilium
368 746 566 816 cognoscere.
584 767 627 778 -
644 728 679 796 Et
702 729 763 796 hoc
790 735 839 797 est
865 727 951 816 quod
975 726 1076 795 volarit
1098 727 1204 795 dicere
1229 726 1419 795 Psalmista¹
1446 726 1581 815 loquens
1603 727 1646 795 de
1670 726 1725 795 ilta

224 844 305 926 lnce,
328 844 488 932 quomodo
523 862 613 913 mens
647 850 755 912 nostra
778 843 820 911 ah
855 843 924 931 ipsa
958 843 1096 931 quodam
1131 841 1227 910 modo
1250 841 1425 930 sigillatur:
1450 842 1631 931 Sipontum
1655 851 1723 923 est,

226 960 341 1049 inquit,
366 960 476 1027 iurant
498 958 611 1026 nultus
635 960 687 1026 tui
706 978 808 1046 super
831 977 911 1026 nos:
945 959 1021 1046 quia
1055 959 1140 1027 enim
1174 957 1267 1027 rnltu
1290 976 1343 1027 res
1370 958 1587 1046 cognoscitur,
1610 956 1725 1026 tumen

225 1076 337 1143 vetros
359 1094 421 1143 non
446 1081 494 1144 est
516 1075 605 1143 aliud
628 1094 725 1164 qnam
750 1075 859 1143 tumen
873 1075 1022 1144 Veritatis
1047 1081 1210 1152 aeternae,
1226 1074 1405 1143 seeundmn
1420 1073 1507 1163 qnod
1523 1073 1660 1170 oiiertur
1677 1074 1723 1142 in

224 1191 362 1260 tellectni
386 1200 496 1259 nostro
518 1209 577 1279 per
601 1191 803 1278 sigillatiram
828 1190 1080 1278 impressionem.
1106 1191 1142 1259 lit
1164 1190 1251 1278 qnod
1275 1189 1336 1259 hoc
1352 1189 1495 1259 intendet
1516 1190 1725 1278 Augustinus

223 1314 308 1394 patet
331 1307 495 1376 manifeste
529 1307 569 1375 de
604 1307 754 1375 Trinitaie
778 1305 860 1375 lihro
895 1307 1144 1395 decimoquarto,
1175 1306 1314 1393 capitulo
1337 1306 1461 1376 decimo
1483 1306 1595 1395 quinto
1608 1304 1631 1387 ¹,
1654 1305 1724 1388 ubi,

222 1430 391 1510 postquam
415 1423 654 1501 determinavit,
675 1441 740 1510 quo
764 1422 859 1491 modo
892 1421 1031 1491 iniustus
1058 1421 1217 1508 cognoscit
1240 1422 1412 1504 iustitiam,
1435 1420 1583 1492 videlicet
1615 1423 1649 1490 in
1673 1441 1725 1493 re

223 1538 307 1625 gulis
330 1538 410 1606 lucis
433 1544 603 1619 aeternae,
626 1537 791 1624 suhinngit
814 1537 1010 1626 quaerendo:
1041 1537 1125 1606 «Ubi
1142 1538 1244 1606 cernit
1259 1537 1443 1607 habendum
1459 1554 1530 1607 esse
1553 1538 1640 1627 quod
1656 1556 1724 1607 non

224 1654 369 1722 hahet-t
395 1655 429 1720 Et
452 1655 639 1741 respondet:
670 1653 753 1722 «llhi
776 1672 853 1740 ergo
887 1653 1023 1741 scriptae
1046 1659 1122 1721 sunt
1154 1653 1214 1721 nisi
1239 1653 1272 1721 in
1295 1653 1377 1721 lihro
1401 1653 1482 1723 lucis
1508 1653 1614 1736 illius,
1637 1672 1725 1743 quae

189 1778 193 1783 '
223 1769 342 1837 r‘eritas
365 1768 507 1837 dicitnr?
531 1768 618 1837 Unde
641 1769 744 1838 omnis
767 1768 821 1836 lox
844 1768 929 1837 iusta
951 1767 1143 1837 describitur
1165 1775 1197 1837 et
1212 1769 1244 1836 in
1260 1787 1316 1838 eor
1332 1768 1480 1849 hominis,
1495 1768 1552 1857 qui
1566 1775 1724 1856 operatur

223 1884 392 1965 iustitiam,
415 1902 478 1951 non
494 1882 758 1971 mgrccoossed
782 1890 933 1972 unquam
958 1883 1178 1971 imprimendo
1204 1883 1412 1966 transfertur3
1439 1884 1523 1952 sicut
1544 1883 1650 1971 imago
1678 1901 1724 1953 ex

222 1999 319 2067 annio
341 2006 374 2067 et
396 2000 428 2067 in
452 2017 558 2068 ceram
582 1999 696 2068 transit
717 2005 749 2067 et
772 1999 906 2066 anulum
941 2017 1004 2068 non
1039 1999 1202 2086 relinquit
1224 1999 1284 2085 Qui
1307 2017 1384 2068 vero
1407 2018 1471 2067 non
1493 2005 1667 2087 operatur,
1691 2009 1725 2069 et

222 2121 327 2183 tamen
363 2115 450 2182 videt
484 2113 561 2202 qnid
595 2115 793 2202 operandum
827 2115 882 2197 sit,
917 2115 985 2201 ipse
1007 2123 1056 2183 est
1085 2114 1140 2202 qni
1163 2114 1206 2183 ah
1228 2114 1283 2183 illa
1311 2115 1382 2184 lucc
1415 2116 1588 2197 avertitur,
1611 2134 1632 2185 a
1654 2135 1723 2204 qua

222 2237 327 2298 umen
352 2230 535 2317 tangitur».
560 2231 606 2298 Fit
628 2230 734 2318 itaque
769 2230 937 2319 impressio
960 2230 991 2297 in
1014 2228 1168 2319 offectura
1192 2230 1352 2318 operantis
1374 2230 1544 2309 iustitiam,
1567 2238 1606 2299 ut
1627 2232 1724 2316 relit3

222 2346 279 2412 sed
304 2345 335 2413 in
359 2345 521 2412 intellecto
544 2352 667 2413 tantum
692 2346 887 2432 imprimitur
911 2345 997 2414 illius
1019 2345 1074 2434 qui
1099 2346 1203 2414 solnm
1226 2346 1394 2433 cognoscit
1410 2384 1456 2396 —
1473 2346 1509 2414 Et
1523 2345 1564 2415 de
1580 2347 1641 2415 ista
1665 2348 1724 2417 im-

220 2462 382 2546 pressione
398 2461 431 2528 in
447 2460 609 2530 intellectu
625 2461 767 2549 loquitur
782 2462 900 2549 optime
915 2462 1110 2547 angustinus
1125 2461 1165 2530 de
1180 2461 1293 2531 lihero
1308 2461 1455 2542 hrhitrio,
1469 2461 1552 2530 libro
1566 2464 1723 2546 seuuncm,

219 2576 358 2664 capitulo
381 2577 504 2645 decimo
527 2584 619 2645 sesto
632 2576 659 2658 ⁸,
675 2577 731 2645 uhi
748 2583 915 2666 postquam
932 2578 1058 2657 docuit,
1081 2597 1146 2666 qiio
1161 2577 1256 2646 modo
1271 2576 1358 2647 notio
1372 2577 1546 2665 sapientiae
1560 2578 1722 2667 impressa

217 2700 266 2761 est
288 2695 383 2762 etiam
407 2694 504 2761 menti
528 2693 721 2781 insipientis,
755 2693 877 2763 subdit:
910 2694 1019 2781 «Quid
1053 2694 1151 2782 igitur
1172 2694 1261 2785 alind
1285 2694 1425 2781 agimus,
1449 2712 1523 2763 cnm
1547 2695 1721 2765 studemus

216 2828 286 2878 osse
308 2811 481 2897 sapientes,
506 2810 565 2879 nisi
581 2817 618 2878 ut
633 2817 752 2898 quanta
766 2828 938 2898 possumus
953 2810 1116 2880 alacritate
1138 2812 1177 2879 ad
1196 2803 1244 2893 id',
1260 2811 1346 2898 quod
1364 2817 1471 2879 mente
1486 2811 1723 2898 contingimus,

219 2934 316 2995 totam
352 2928 491 2995 animam
525 2933 666 2994 nostram
697 2927 837 3014 quodam
870 2928 966 2995 modo
996 2927 1184 3014 colligamus
1200 2934 1237 2994 ni
1273 2927 1350 2996 Ecce
1373 2927 1459 3015 quod
1482 2926 1516 2995 in
1537 2927 1723 3014 coaptando

218 3043 361 3110 arrimnm
385 3041 521 3124 veritati,
544 3042 684 3130 desuper
708 3042 855 3124 radianti,
877 3042 1036 3111 studendo
1056 3041 1215 3111 efficimur
1230 3042 1406 3130 sapientes3
1428 3049 1461 3111 et
1483 3041 1544 3111 hoo
1565 3043 1722 3129 estquod

223 3158 357 3244 ipsomet
380 3158 457 3227 dicit
480 3176 593 3245 supra,
617 3158 730 3227 eodem
753 3158 846 3240 libro,
868 3157 1008 3245 capitulo
1023 3158 1255 3227 duodecimo⁴z
1284 3158 1460 3240 «Tantum,
1483 3156 1600 3247 inquit,
1626 3174 1724 3228 mens

217 3272 311 3341 dehet
333 3272 526 3360 intelligere,
549 3280 705 3362 parantum
729 3275 879 3361 proprius
893 3274 1055 3342 admoveri
1073 3280 1169 3362 atque
1193 3272 1359 3342 inhaerere
1381 3272 1521 3360 potnerit
1542 3272 1725 3341 incommu-

217 3389 304 3457 tabili
329 3389 494 3457 ueritati».
511 3428 555 3439 -
572 3389 608 3458 ht
623 3391 699 3458 huic
721 3390 894 3458 sententiae
917 3390 1086 3459 oonoordat
1103 3389 1223 3458 dictum
1239 3390 1436 3477 hvicennae⁵
1458 3388 1612 3471 docentis,
1628 3389 1721 3457 honi-

216 3512 312 3573 tatem
337 3504 452 3592 ingenii
476 3505 644 3591 provenire
667 3523 709 3573 ex
731 3505 908 3592 aptitudine
931 3505 1141 3591 coniungendi
1158 3505 1199 3574 se'
1207 3512 1240 3574 et
1256 3504 1440 3574 inhaerendi
1460 3523 1534 3573 cum
1551 3503 1722 3574 intellectu

216 3628 343 3706 agente,
367 3639 462 3708 quem
487 3621 593 3708 posuit
616 3621 827 3690 substantiam
850 3628 1047 3708 separatam,
1070 3621 1103 3689 in
1126 3622 1186 3690 hoc
1210 3638 1348 3709 sequens
1369 3620 1606 3707 Philosophum,
1631 3621 1721 3690 siout

216 3736 331 3816 credo,
353 3743 449 3823 procat
472 3737 504 3803 in
531 3736 680 3805 omnihus
714 3736 913 3805 documentis
947 3736 1013 3804 suis
1048 3735 1189 3805 noscitur
1212 3735 1273 3804 sihi
1297 3735 1329 3802 in
1352 3735 1420 3804 suis
1442 3735 1606 3804 sententiis
1630 3753 1721 3804 corn·

215 3852 355 3919 muniter
377 3852 576 3934 adhaesisse,
592 3870 709 3920 vocans
724 3870 799 3921 eum
814 3851 1019 3939 magistrum
1031 3851 1222 3938 primum⁶3
1237 3869 1334 3939 quam
1351 3857 1457 3919 tamen
1473 3849 1721 3937 intelligentiam

217 3967 243 4034 si
266 3968 372 4055 posuit
395 3975 586 4049 creaturam,
610 3986 629 4034 a
653 3985 730 4036 vero
754 3967 903 4037 deviavit.

306 4083 355 4151 Sic
379 4084 476 4171 igitur
500 4080 587 4152 'vera
610 4090 641 4152 et
664 4090 773 4153 sancta
795 4090 844 4152 est
866 4084 1010 4153 doctrina
1033 4085 1198 4173 Augustini
1222 4083 1375 4167 docentis,
1397 4085 1504 4152 omnia
1527 4083 1660 4171 intelligi
1685 4085 1721 4155 in

216 4198 288 4267 lnce
310 4206 456 4281 aeterna,
480 4200 543 4278 cui,
567 4206 603 4268 ut
625 4207 787 4269 ostensum
803 4208 865 4281 est,
889 4207 1039 4269 consonat
1061 4202 1215 4289 sapientia
1239 4201 1486 4269 mundanorum.
1522 4201 1643 4271 Verum
1667 4210 1723 4271 est

304 4467 313 4503 ¹
333 4469 426 4522 Psarlnn
448 4466 477 4535 l,
495 4468 521 4522 7.

302 4563 314 4602 ⁹
333 4565 410 4621 Num.
430 4567 472 4619 ht.

301 4661 314 4700 ³
332 4664 407 4718 Num.
429 4662 470 4718 it.

301 4761 313 4797 ⁴
331 4762 408 4816 Num.
428 4762 471 4815 34.

301 4859 409 4913 intono
427 4860 461 4914 dc
480 4861 590 4928 rtntmn,
610 4862 655 4930 qui
674 4863 752 4916 ctiam
765 4863 857 4918 Sextus
876 4862 1036 4917 Naturalium
1055 4863 1165 4934 dicitur,
1184 4879 1210 4932 p.
1231 4863 1262 4920 V.
1282 4878 1305 4921 c.
1324 4864 1358 4919 6:
1377 4865 1466 4920 itcstut
1484 4878 1567 4934 ergo,
1582 4872 1614 4920 nt
1626 4866 1725 4925 ultima

212 4972 273 5026 pers
285 4959 318 5011 sit
335 4972 408 5026 vcro,
426 4966 452 5012 et
471 4965 500 5012 nt
517 4958 619 5012 discors
637 4973 689 5013 non
708 4963 740 5013 sit
760 4963 808 5014 nisi
826 4964 963 5030 srquhore
981 4963 1124 5028 perlectam
1137 4963 1310 5030 aptitudinem
1328 4963 1505 5031 coniungendi
1523 4978 1552 5019 se
1571 4964 1724 5033 intelligan-

212 5057 261 5109 tiae
280 5058 384 5122 agenti,
403 5070 543 5125 qarousquo
562 5056 606 5111 itot
623 5072 654 5111 ox
672 5073 703 5111 en
723 5059 883 5124 intetiocius,
902 5062 947 5128 ocri
966 5066 1005 5113 est
1024 5060 1151 5127 simplos,
1180 5077 1194 5114 a
1220 5075 1274 5130 quo
1302 5068 1424 5117 emanent
1454 5065 1554 5117 iormse
1578 5064 1726 5122 ordinatae

211 5153 342 5207 irradiante
360 5156 447 5207 noima
466 5156 492 5208 in
511 5156 676 5221 cogitatione.

301 5250 386 5305 ⁶Lib.
408 5251 469 5305 thl.
489 5253 600 5324 Meteph.
620 5267 643 5308 r.
663 5254 688 5309 2.
