3870 6488
222 366 286 433 ms
801 384 952 443 castaneum
976 386 1148 434 nxsrauxrx

221 508 445 596 Scriptorum.
470 508 535 574 Non
560 526 631 576 som
655 507 739 575 enim
763 525 907 589 memor,
942 510 1028 596 qcaocl
1055 510 1163 597 aliquo
1193 510 1366 578 auctoritas
1395 530 1504 580 sacrae
1534 513 1721 600 scripturae

221 624 281 692 linc
307 642 459 711 expresse
484 623 595 691 clicat¹.
620 624 710 709 Quocl
733 624 817 691 enim
842 624 918 691 clieit
941 624 1072 692 Decrs':
1097 627 1166 713 Epo
1188 646 1265 693 nnn
1289 626 1347 693 lna
1371 629 1506 707 incende}
1521 637 1554 697 et
1575 631 1662 717 qnotl
1680 630 1726 698 cli-

220 741 303 808 citur
326 742 366 809 de
391 742 453 807 lieo
478 740 599 809 loannis
623 740 746 826 primo:
773 743 858 807 Erot
880 741 940 807 lna
962 762 1062 821 vero,
1086 762 1172 831 punc
1195 743 1364 810 illurnt'not
1397 764 1526 811 ornnem
1557 743 1725 813 koncinem

218 856 397 923 oercc'ottcm
421 857 457 922 in
480 855 568 922 laicate
590 856 772 934 nnontnnc,·
795 864 827 924 et
848 857 934 944 quocl
959 857 1077 925 dicitur
1101 858 1132 925 in
1157 858 1293 927 Psalmo:
1318 861 1359 926 In
1382 859 1507 927 lorraine
1543 869 1599 927 tuo
1638 861 1724 928 virle

221 971 329 1039 irionis
353 971 463 1039 lccncen
472 997 485 1051 ;
507 979 539 1040 et
560 971 652 1040 alibi:
680 972 839 1039 illumino
855 972 966 1041 oeulos
982 992 1081 1053 neena,
1097 993 1138 1040 ne
1153 994 1305 1063 renonem
1322 975 1531 1043 obdormiam
1551 977 1588 1043 in
1603 986 1724 1056 morte,

218 1095 251 1155 et
272 1088 466 1169 consimiles,
489 1106 551 1155 non
576 1088 621 1156 sic
643 1088 760 1155 clebent
784 1087 933 1174 intelligi,
956 1089 1042 1176 qnod
1067 1107 1125 1175 per
1150 1090 1257 1158 lumen
1281 1091 1427 1159 naturale
1455 1092 1635 1160 intellectus
1668 1110 1722 1158 an·

219 1202 340 1287 geticus
362 1204 410 1271 uel
436 1205 598 1270 lmmanus
620 1223 683 1271 non
707 1212 813 1289 posset
835 1204 956 1291 aliquid
979 1203 1156 1292 intelligere
1179 1224 1282 1293 neque
1305 1207 1460 1293 ceccuplete
1484 1224 1588 1293 neque
1606 1207 1726 1274 incom-

219 1319 321 1405 plete;
344 1320 398 1386 secl
424 1319 580 1407 quaedam
618 1320 791 1405 loquuntur
806 1318 855 1387 ‘de
886 1320 1062 1405 cognitione
1097 1320 1235 1407 patriae,
1270 1322 1427 1408 quaedam
1463 1323 1504 1390 cle
1538 1323 1721 1408 mgnitione

219 1434 454 1522 supernaturali
477 1436 568 1517 uiae,
592 1443 624 1503 et
646 1436 803 1523 qcaaeclam
827 1436 921 1504 etiam
939 1437 1039 1503 Deum
1057 1436 1167 1504 dicunt
1184 1437 1365 1506 illuminare
1382 1439 1577 1507 intellectum
1597 1438 1721 1507 lumine

219 1560 369 1632 naturae,
393 1552 424 1618 in
448 1559 603 1638 orientum
627 1551 721 1619 etiam
747 1551 855 1619 lumen
879 1552 1025 1620 naturale
1048 1561 1096 1621 est
1117 1553 1158 1620 ab
1182 1570 1228 1621 eo.
1246 1553 1311 1620 Non
1334 1572 1412 1640 ergo
1428 1560 1560 1641 possunt
1581 1553 1723 1641 protare

220 1686 316 1736 sixtum
340 1668 537 1755 propositum
561 1684 602 1733 ex
627 1686 718 1735 sacra
741 1668 914 1755 Scriptura.

308 1785 414 1871 Neque
438 1785 532 1851 etiam
554 1802 612 1871 per
635 1784 893 1871 experientiam,
916 1784 991 1872 quia
1015 1803 1125 1853 omnes
1149 1785 1310 1866 hemines,
1345 1786 1519 1855 existentes
1553 1785 1585 1853 in
1615 1792 1724 1853 aetate

219 1900 324 1967 cleliitc
347 1907 379 1967 et
401 1918 463 1967 non
487 1901 640 1968 habentes
663 1899 827 1986 corporale
853 1900 1125 1986 nupentnnntnn,
1141 1901 1282 1969 unanime
1305 1901 1336 1968 in
1360 1902 1487 1988 organis
1511 1902 1630 1969 virium
1653 1920 1725 1969 sen·

217 2015 405 2096 sitiverum,
422 2024 555 2102 possunt
570 2015 690 2103 uliqnicl
705 2015 880 2102 intelligere
896 2016 945 2082 uel
963 2016 1085 2084 sortiter
1102 2016 1152 2084 vel
1168 2016 1325 2101 clettiliter,
1338 2017 1389 2085 vel
1405 2017 1490 2085 clare
1505 2017 1553 2085 uel
1569 2016 1721 2083 obscure.

218 2132 298 2217 Ergo
321 2132 461 2217 experiri
487 2151 547 2198 non
573 2119 1130 2219 possunt,c1n0uoit1it‘p0ssnmus
1158 2132 1334 2219 intelligere
1369 2134 1399 2200 in
1431 2134 1550 2200 virtute
1589 2132 1725 2201 lutninis

218 2247 373 2315 naturalis
396 2248 463 2314 sine
486 2249 645 2316 adiutorio
668 2248 798 2314 luxmois
821 2249 1076 2334 supernaturalis
1099 2248 1294 2317 intellectum
1318 2248 1526 2317 informantis.
1700 2316 1703 2321 .

306 2363 370 2429 lt'oo
395 2363 499 2430 recole
523 2364 617 2431 etiam
642 2381 692 2431 me
716 2363 849 2444 uniisse,
872 2364 959 2451 qam
982 2354 1022 2432 acl
1047 2365 1107 2432 lieo
1128 2364 1268 2449 ,ualeant
1290 2365 1429 2451 aliquam
1453 2364 1620 2431 rationem
1643 2366 1706 2451 eccl

215 2477 395 2563 stoicorum„
419 2479 517 2546 immo
540 2479 642 2564 tnagis
665 2478 742 2545 milui
766 2479 916 2546 cillentur
939 2479 1078 2547 rationes
1100 2480 1141 2547 an
1164 2480 1370 2547 contrarium.
1395 2478 1434 2546 Si
1463 2488 1577 2546 ocrem
1601 2478 1692 2546 dieis
1706 2531 1718 2559 ,.

215 2593 302 2680 ‹ptocl
318 2594 359 2661 alo
376 2594 575 2662 insufficienti
592 2594 740 2681 precene,
758 2595 902 2675 dicendo,
919 2594 1004 2681 quod
1022 2614 1080 2681 pro
1096 2614 1154 2662 sua
1171 2602 1262 2682 parte
1277 2594 1394 2662 habeut
1409 2595 1709 2662 auctoritates-mul
1817 2634 1821 2639 -

215 2714 264 2775 tus
287 2711 317 2776 in
341 2710 549 2796 originalibus
572 2711 655 2777 beati
679 2710 862 2795 Augustini,
886 2711 969 2779 sicut
992 2711 1022 2777 in
1048 2711 1129 2779 lilno
1152 2710 1192 2779 de
1216 2710 1402 2791 Trinitate⁸‚
1426 2710 1509 2778 linco
1544 2711 1726 2779 Confessio

214 2843 312 2905 ritum,
337 2825 419 2893 libro
442 2826 630 2893 decivitate
653 2826 724 2905 Dei,
748 2825 830 2892 lilno
853 2826 1098 2913 Soliloqniorum
1123 2834 1154 2903 et
1178 2827 1209 2893 in
1233 2826 1382 2912 pluribus
1404 2826 1476 2895 aliis
1498 2826 1607 2907 lilnis3
1633 2826 1724 2907 clleo,

215 2942 301 3027 qtrcnl
327 2942 404 3009 istoc
428 2943 632 3009 auctoritates
656 2960 718 3009 nen
753 2943 798 3009 sic
832 2942 949 3010 delient
981 2942 1129 3029 intelligi,
1152 2943 1234 3010 sicut
1256 2942 1430 3028 accipinm3
1452 2941 1536 3010 sicut
1570 2941 1722 3029 patebit⁴

216 3057 246 3124 in
270 3058 460 3145 exponemlo
476 3058 560 3137 illas,
577 3076 659 3145 cpxae
685 3058 838 3145 allegatae
862 3066 937 3127 sum
964 3060 995 3126 in
1016 3059 1222 3145 oppositum,
1245 3077 1383 3146 quarum
1408 3042 1570 3145 expositio
1587 3060 1650 3126 en't
1678 3060 1727 3126 in-

216 3174 349 3240 stnntio
371 3174 519 3261 aliqualis
542 3175 582 3241 ecl
599 3175 826 3261 exponentium
844 3175 937 3242 etiam
954 3174 1033 3242 alins
1048 3154 1254 3241 auctoritates
1284 3173 1447 3260 Augustini
1472 3174 1513 3241 cle
1537 3174 1597 3241 ista
1622 3182 1727 3244 mute·

215 3288 283 3370 ria,
308 3308 389 3377 uiuae
413 3290 465 3356 liic
487 3289 640 3373 allegatae
665 3310 725 3357 non
751 3297 834 3357 suxit.

304 3406 385 3490 chia
407 3424 483 3491 ergo
507 3424 568 3472 non
593 3406 710 3473 liabent
732 3425 791 3492 pro
814 3423 848 3473 se
871 3405 1090 3473 :tauctoritatem
1115 3422 1224 3473 sacrae
1247 3405 1429 3491 scripturae
1452 3405 1483 3472 in
1514 3405 1575 3473 liae
1603 3415 1724 3492 parte,

214 3539 272 3589 nec
295 3521 542 3608 experientiam,
567 3540 624 3588 nec
647 3520 855 3589 sufficientem
880 3521 1204 3602 rationenn‚ut1nilti
1235 3520 1380 3602 uicletur3
1417 3540 1474 3589 nec
1507 3522 1724 3591 auctoritates

214 3638 417 3725 originalium
449 3638 493 3707 sie
527 3638 728 3723 accipiendae
752 3644 840 3717 snm,
865 3645 901 3703 ut
925 3638 1084 3724 accipiunt
1107 3638 1138 3705 iu
1163 3638 1222 3705 liae
1244 3637 1396 3712 materia;
1418 3644 1450 3705 et
1485 3637 1587 3723 magis
1621 3637 1727 3705 decli.
1828 3680 1833 3689 -

211 3754 354 3820 nanctum
378 3761 426 3821 est
449 3754 489 3821 acl
513 3753 697 3839 ponemlnm
721 3753 888 3840 pauciora,
912 3754 1040 3841 quantulo
1063 3772 1125 3821 non
1149 3762 1197 3822 est
1221 3753 1382 3822 sufficiens
1405 3753 1561 3821 motivum
1593 3754 1635 3820 acl
1662 3773 1720 3841 po

215 3870 356 3937 nendum
381 3869 491 3955 plum:
517 3869 588 3936 icleo
611 3870 651 3936 acl
675 3887 826 3956 praesens
853 3870 981 3937 uidetur
1017 3869 1095 3937 ntilci
1131 3869 1477 3956 sencienctnn1⁶,qu0n
1501 3869 1640 3953 Angelus
1665 3872 1721 3939 uel

215 3986 311 4052 lcocno
336 3986 365 4052 in
391 3985 511 4053 lannine
534 3985 671 4052 nutcnuli
696 3992 798 4072 potest
813 3985 933 4072 oliqoicl
952 3986 1145 4071 intelligere,
1161 3986 1308 4072 qcuacnuis
1323 3986 1499 4054 secunlum
1517 3982 1722 4072 iaeserint-ent

214 4100 350 4185 gracltnn
376 4099 596 4167 intellectualis
619 4100 813 4187 cognitionis.
831 4100 910 4168 llaec
925 4101 966 4169 acl
982 4100 1227 4169 declarationem
1245 4101 1376 4169 secundi
1392 4100 1517 4169 articuli
1534 4101 1604 4169 sine
1627 4121 1723 4190 prae

214 4216 330 4284 iunlieio
353 4216 437 4285 nicta
460 4215 532 4284 sint.

762 4377 967 4446 nucleolos
995 4377 1162 4446 TERTIUS.

302 4557 443 4626 Tertium
467 4555 637 4626 articulum
662 4555 789 4624 declaro
812 4557 866 4625 sic.
905 4556 956 4623 Est
978 4556 1181 4624 considerare
1205 4555 1236 4624 in
1260 4574 1296 4625 re
1318 4554 1491 4625 enimam
1513 4555 1723 4646 einrpliciter

212 4681 244 4741 et
266 4674 439 4741 ver-itatem
463 4675 645 4741 eerccmtnm
668 4673 758 4763 perid.
791 4673 919 4740 Veritus
940 4672 1135 4759 simpliciter
1158 4672 1333 4741 attenditur
1356 4673 1388 4740 iu
1406 4690 1441 4741 re
1464 4674 1647 4743 secumlnm
1667 4680 1720 4746 sui

301 4890 309 4925 ¹
331 4892 350 4942 ll
368 4889 464 4947 Nescio
482 4887 554 4944 naim
572 4886 694 4959 arenam
712 4886 900 4943 anctoritatem
919 4886 1078 4957 script-carue
1095 4901 1202 4955 oneror,
1223 4902 1292 4959 prae
1309 4900 1438 4958 represso
1455 4885 1505 4943 ltoe
1523 4885 1596 4944 dicit.

300 4989 311 5025 ²
331 4990 398 5041 loun.
419 4988 453 5054 8,
474 4988 525 5053 te;
544 4985 677 5039 secundus
696 4987 769 5040 loeus
787 4986 850 5039 ibid.
872 4988 904 5052 t,
923 4988 957 5051 93
977 4988 1067 5041 terum
1086 4986 1178 5039 Psalm.
1199 4985 1250 5053 35,
1270 4988 1303 5053 ⁹3
1323 4994 1432 5055 quinctus
1450 4986 1543 5040 Psalm.
1566 4988 1620 5056 li,
1643 4988 1671 5044 l.

302 5086 390 5140 alittei
409 5101 440 5140 ex
459 5086 500 5139 liis
518 5085 591 5139 libris
609 5087 688 5139 sumti
707 5086 758 5137 iam
777 5086 882 5150 saeptos
899 5097 980 5150 supra
999 5086 1023 5136 in
1043 5085 1099 5136 aliis
1118 5084 1319 5151 chaestlonilms
1337 5084 1441 5137 lnclieutl
1459 5088 1527 5137 sunt

300 5186 311 5221 ⁴
331 5189 351 5240 n
369 5188 461 5255 pota-e
476 5184 588 5256 poterit,
607 5191 634 5239 et
651 5198 712 5237 mox
731 5183 759 5237 in
778 5182 935 5254 opponendo
954 5182 1050 5249 proin
1069 5182 1227 5253 oppositum.

300 5285 312 5325 ⁸
330 5289 350 5343 ll
368 5286 519 5345 tenemium.
539 5288 596 5340 llox
615 5290 635 5339 n
650 5288 767 5357 possiunt
784 5300 833 5353 pro
848 5285 943 5359 potest.
