3870 6488
662 775 712 839 ιιι.
735 776 884 839 accusatu
905 788 927 839 a
950 778 1150 841 ueotavlmnl.
1588 756 1653 843 aab

155 907 321 1004 arguendo
343 912 516 985 revertitur
548 912 590 985 ad
614 912 868 1003 cognoscendum
891 932 949 1004 per
979 932 1036 985 ens
1059 922 1203 985 creatum
1233 933 1290 987 ens
1312 912 1488 987 increatum
1519 916 1656 987 mediate

156 1039 191 1105 et
210 1033 346 1104 obscure
368 1041 401 1102 ει
424 1033 456 1101 in
480 1032 639 1120 generali;
661 1039 694 1102 et
712 1040 828 1121 posteo
850 1051 910 1121 ρει
932 1032 1141 1120 cognitionem
1169 1032 1270 1121 ipsius
1292 1034 1374 1103 entis
1401 1034 1530 1103 increati
1555 1034 1656 1122 magis

156 1149 349 1219 certificatur
370 1149 479 1237 aliquo
501 1148 598 1217 modo
620 1148 661 1218 de
684 1156 756 1218 ente
779 1156 903 1229 creato;
937 1148 994 1218 sed
1017 1149 1124 1219 adbuc
1146 1159 1253 1218 manet
1283 1150 1315 1218 in
1349 1149 1460 1220 infimo
1482 1150 1585 1239 gradu
1608 1168 1657 1220 co

156 1266 320 1351 guidonis,
342 1273 376 1335 et
398 1265 472 1354 plus
496 1283 559 1333 non
581 1272 686 1353 potest
707 1265 844 1352 cognitio
868 1264 1032 1334 naturalis.

245 1385 276 1451 6.
299 1382 345 1453 td
369 1381 449 1452 illud
473 1382 560 1470 quod
582 1380 779 1469 arguebatur
801 1388 904 1464 sexto,
919 1382 1005 1471 quod
1023 1381 1201 1451 intellectus
1215 1391 1342 1452 creatus
1357 1402 1419 1451 non
1435 1382 1656 1472 potestpluro
1760 1430 1763 1435 ,

154 1497 258 1565 siorol
281 1497 457 1585 intelligere
479 1496 685 1573 naturaliter:
708 1497 819 1568 dicunt
852 1496 966 1586 aliqui,
1000 1498 1226 1586 quodfalsum
1257 1506 1323 1581 est,
1354 1498 1513 1588 loquendo
1539 1500 1581 1571 de
1607 1517 1657 1569 oo

155 1612 292 1698 gnitione
315 1610 510 1701 imperfecta
523 1613 554 1695 ι;
577 1612 624 1681 sic
657 1612 760 1694 enim,
782 1619 819 1681 ut
852 1613 977 1695 dicunt,
1002 1612 1181 1683 intellectus
1203 1621 1330 1683 creatus
1354 1620 1457 1702 potest
1480 1614 1655 1702 intelligere

154 1728 265 1815 plura,
289 1730 452 1818 quodlibet
486 1729 615 1798 illorum
638 1728 794 1797 absolute.
817 1729 909 1815 Quod
932 1730 1079 1798 nituntur
1100 1730 1237 1817 probare
1260 1748 1319 1818 per
1343 1730 1403 1799 hoc
1431 1730 1517 1818 quod
1544 1730 1655 1800 dicunt

155 1844 231 1931 ipsi:
268 1852 371 1934 potest
394 1845 571 1933 intelligere
594 1845 689 1934 plura
712 1845 748 1912 eie
770 1846 898 1926 ordine,
914 1853 951 1914 ut
974 1846 1083 1914 album
1105 1853 1138 1915 et
1152 1846 1296 1933 nigrum,
1319 1846 1432 1928 simul,
1449 1847 1480 1914 in
1497 1853 1655 1934 quantum

154 1970 229 2031 sunt
250 1970 397 2032 extrema
419 1962 516 2031 unius
540 1962 789 2044 contrarietatis3
804 1962 861 2032 sed
885 1962 995 2031 dicunt
1011 1963 1088 2049 ipsi,
1110 1963 1164 2051 qui
1182 1963 1327 2050 intelligit
1342 1962 1554 2032 dillerentiam
1571 1963 1654 2032 inter

154 2078 276 2166 aliqua,
292 2078 395 2165 primo
406 2116 452 2128 —
463 2078 576 2147 ordine
591 2085 724 2146 naturae
736 2117 781 2128 —
793 2078 939 2165 intelligit
954 2079 1119 2166 quodlibet
1134 2078 1262 2147 illorum
1287 2078 1464 2147 secondum
1488 2077 1558 2159 ιε’,
1579 2079 1655 2166 quia

154 2194 245 2280 prius
267 2194 379 2262 ordine
402 2201 537 2263 naturae
559 2202 607 2263 est
631 2194 806 2281 intelligere
830 2211 899 2263 rem
923 2195 1100 2264 secundum
1125 2213 1221 2263 suum
1248 2212 1318 2263 esse
1342 2193 1531 2262 obsoletum
1553 2211 1654 2281 quom

154 2310 332 2379 secundum
355 2328 452 2378 suum
475 2326 547 2379 esse
569 2318 813 2399 comparatam.

242 2424 323 2492 ΛΙίι3
345 2433 452 2494 autem
478 2424 606 2507 dicunt,
629 2425 716 2513 quod
740 2425 920 2494 intellectus
934 2445 997 2495 non
1013 2432 1117 2514 potest
1132 2424 1320 2495 naturaliter
1344 2424 1519 2512 intelligere
1541 2425 1653 2512 plura,

152 2546 190 2607 nt
208 2538 315 2627 pluro
337 2547 428 2623 suot,
451 2541 599 2631 quamuis
623 2540 799 2628 intelligere
822 2542 921 2629 possit
944 2541 1056 2629 plura,
1071 2550 1109 2609 ut
1123 2548 1198 2610 sum
1221 2560 1328 2608 onom
1352 2542 1383 2609 in
1399 2541 1529 2622 ordine;
1544 2548 1575 2610 et
1592 2540 1652 2609 noe

152 2655 269 2723 sufficit
291 2655 332 2723 ad
355 2656 609 2743 cognoscendum
634 2674 747 2725 verum
771 2663 914 2726 creatum
937 2657 1045 2745 aliquo
1069 2657 1164 2725 modo
1186 2674 1245 2745 ρει
1268 2656 1434 2725 veritatem
1469 2664 1653 2737 aeternam3

152 2771 228 2858 quia
249 2771 281 2839 in
305 2778 460 2860 quantum
485 2771 627 2860 intelligo
651 2790 764 2841 verum
789 2780 932 2842 creatum
958 2780 993 2840 ut
1016 2773 1164 2842 ellectum
1187 2773 1329 2841 veritatis
1349 2780 1514 2854 aeternae,
1538 2778 1570 2840 et
1597 2790 1648 2841 ιε

152 2887 278 2955 ritatem
301 2896 463 2956 aeternam
486 2894 523 2957 ut
545 2907 675 2958 causam
700 2888 784 2969 eius,
807 2907 850 2958 ex
872 2889 933 2959 hoe
956 2907 1014 2978 ρει
1037 2890 1202 2957 veritatem
1225 2896 1386 2957 aeternam
1414 2888 1523 2976 aliquo
1553 2887 1650 2955 modo

152 3004 255 3072 liabeo
277 3004 429 3072 maiorem
453 3005 664 3092 cognitionem
687 3006 727 3074 de
751 3024 827 3074 vero
850 3014 975 3087 creato;
998 3005 1087 3093 qnia,
1109 3005 1257 3093 quamuis
1280 3023 1338 3092 ρει
1367 3002 1516 3093 effectum
1549 3004 1654 3091 acqui·

152 3139 262 3190 ramus
284 3120 425 3209 aliquam
448 3121 658 3208 cognitionem
675 3122 715 3190 de
731 3141 839 3190 causo
861 3123 913 3189 uia
937 3121 1134 3190 inventionis
1145 3122 1165 3203 ⁴,
1182 3129 1298 3203 tamen,
1315 3121 1440 3209 cognita
1454 3139 1574 3200 coemo,
1594 3138 1652 3206 ρει

151 3236 252 3323 ipsius
274 3236 484 3324 cognitionem
507 3237 660 3306 maiorem
683 3237 892 3325 cognitionem
909 3237 1066 3307 babemus
1082 3238 1122 3307 de
1138 3235 1268 3327 effecto,
1285 3238 1336 3304 ria
1352 3236 1482 3305 ludmii.
1501 3235 1651 3304 Similiter

150 3370 193 3420 er
222 3353 297 3435 hoc,
320 3353 406 3443 quod
429 3354 649 3441 cognoscimus
672 3355 837 3424 veritatem
861 3354 1052 3436 increatam,
1076 3360 1108 3423 et
1131 3355 1163 3423 id
1187 3354 1273 3442 quod
1296 3361 1345 3422 est
1367 3371 1481 3421 rerum
1497 3359 1652 3433 creatum,

150 3469 183 3536 in
206 3475 361 3557 quantum
384 3475 460 3538 sunt
482 3475 629 3538 extreme
644 3469 873 3538 conformitatis
895 3471 977 3538 inter
1002 3470 1034 3537 id
1057 3470 1143 3556 qood
1167 3476 1216 3538 est
1238 3486 1351 3537 rerum
1376 3477 1520 3538 creatum
1543 3475 1575 3536 et
1597 3485 1648 3536 ve·

150 3584 277 3652 ritatem
300 3592 479 3653 aetemem:
503 3604 546 3655 ex
568 3586 629 3655 boc
652 3584 760 3675 aliquo
783 3585 878 3653 modo
901 3584 1121 3672 cognoscimus
1148 3585 1248 3673 ipsius
1275 3591 1442 3653 creaturae
1473 3584 1649 3652 veritatem.

149 3700 311 3789 Quidquid
336 3708 441 3769 umen
465 3701 507 3770 sit
529 3701 569 3770 do
592 3701 797 3789 intelligendo
820 3700 915 3789 plura
937 3708 1044 3770 creata
1066 3700 1180 3783 simul,
1205 3708 1310 3769 umen
1333 3717 1447 3768 rerum
1470 3705 1535 3777 est,
1562 3698 1648 3786 qnod

149 3815 191 3882 ab
214 3814 374 3885 intellectu
399 3825 506 3885 creato
530 3816 626 3885 simul
659 3824 763 3904 potest
797 3815 929 3903 intelligi
957 3816 1087 3884 Creator
1120 3824 1152 3885 ει
1175 3824 1336 3897 creatora
1371 3816 1447 3904 quia
1469 3833 1543 3883 cum
1579 3814 1648 3901 ipsa

148 3933 267 4000 ueritas
290 3932 431 4001 increata
453 3933 494 4001 sit
516 3932 683 4022 exemplar
706 3950 899 4020 expressum
922 3932 1024 4019 ipsius
1050 3938 1233 4013 creaturae,
1257 3951 1330 4001 curn
1362 3931 1540 4000 intellectus
1574 3949 1644 3999 con·

148 4047 305 4116 formatur
328 4048 388 4135 ipsi
423 4048 616 4137 exemplari,
648 4068 711 4116 non
734 4047 871 4117 eflicitur
905 4047 1069 4117 dissimilis
1094 4046 1290 4135 exemplato;
1314 4047 1400 4115 unde
1430 4053 1534 4134 potest
1567 4045 1648 4114 bene

148 4163 245 4231 simul
269 4164 401 4252 intelligi
425 4164 494 4253 ipsa
517 4172 647 4234 aeterna
669 4164 804 4247 veritas,
827 4182 910 4254 quae
932 4171 981 4233 est
995 4163 1172 4251 exemplar,
1195 4169 1227 4232 et
1243 4162 1484 4252 ipsacreatura‚
1500 4167 1648 4249 quaeest

148 4278 340 4367 exemplata.

238 4397 268 4462 7.
293 4394 337 4463 ld
362 4394 442 4464 illud
465 4395 552 4484 quod
575 4397 772 4483 arguebatur
794 4395 939 4483 septimo,
963 4394 1048 4484 quod
1072 4395 1098 4464 si
1122 4395 1311 4464 naturaliter
1334 4400 1580 4480 cognosceretur
1601 4411 1650 4462 ιε-

148 4530 223 4579 rum
247 4518 389 4580 creatum
413 4511 445 4579 in
469 4521 599 4580 aeterna
622 4513 768 4595 ueritate,
793 4513 911 4581 veritas
933 4519 1062 4580 aeterna
1085 4531 1147 4580 non
1171 4518 1278 4600 posset
1300 4512 1439 4597 ignorari
1474 4528 1544 4579 esse
1574 4516 1648 4591 elea

148 4627 237 4709 dico,
259 4627 344 4715 quod
370 4645 482 4697 rerum
507 4635 569 4711 est,
592 4629 620 4697 si
644 4647 758 4698 verum
781 4639 924 4699 creatum
948 4635 1193 4716 cognosceretur
1210 4629 1241 4696 in
1257 4635 1387 4696 aeterna
1410 4627 1543 4696 veritate
1566 4628 1649 4696 sicut
1779 4692 1783 4699 .

148 4743 186 4810 io
202 4742 323 4811 obtecto
338 4761 396 4832 ρει
412 4761 447 4813 se
462 4743 554 4813 nobis
569 4745 758 4814 naturaliter
774 4744 898 4832 cognito
909 4744 939 4827 ⁵3
955 4762 1041 4813 nunc
1055 4751 1163 4813 eutem
1179 4763 1242 4812 non
1258 4751 1306 4812 est
1322 4743 1377 4812 sic.
1393 4742 1545 4829 Quamuis
1561 4743 1647 4810 enim

148 4876 190 4928 ειι
214 4859 415 4929 naturalibus
431 4879 490 4949 ρει
508 4868 673 4931 creaturas
696 4861 855 4951 possimus
877 4860 1028 4930 devenire
1051 4860 1084 4927 in
1107 4860 1332 4948 cognitionem,
1355 4859 1433 4948 quid
1457 4862 1506 4928 est
1531 4857 1649 4929 veritas

240 5101 249 5138 ¹
269 5103 289 5157 B
303 5099 432 5173 perlecto.

237 5198 250 5237 ²
268 5201 289 5254 n
305 5214 355 5271 ger
372 5215 409 5256 se.

237 5296 302 5353 ³lta
321 5300 347 5352 S.
368 5300 477 5367 Tlrom.‚
491 5300 517 5353 S.
531 5299 549 5353 l.
568 5312 594 5368 q.
615 5296 657 5352 85.
677 5312 700 5353 o.
721 5295 746 5353 l.
766 5297 818 5355 Cir.
838 5299 939 5366 scotus,
960 5297 994 5354 de
1012 5301 1114 5367 Anima,
1134 5312 1160 5368 q.
1180 5299 1213 5366 8;
1231 5298 1260 5353 ll.
1279 5297 1347 5353 Sem.
1366 5296 1393 5353 d.
1413 5295 1455 5353 lb.
1474 5313 1500 5369 q.
1521 5299 1544 5354 t.
1564 5312 1589 5353 n.
1604 5298 1645 5354 to.

238 5391 248 5424 ⁴
267 5397 287 5449 B
304 5395 535 5468 concomitante,-
554 5411 615 5451 mox
633 5399 654 5450 ll
673 5411 814 5465 pernoram
833 5400 927 5452 omittit
945 5400 1036 5453 tamea
1054 5396 1161 5468 cognito
1178 5410 1285 5464 ceuscc,·
1303 5397 1369 5450 lolra
1387 5397 1407 5449 tt
1424 5396 1503 5452 babet
1510 5411 1562 5468 per
1573 5396 1646 5453 ειιιιιι

147 5491 243 5550 induli
260 5496 318 5549 loco
335 5494 381 5551 cs'o
399 5494 499 5551 turibii.
518 5496 636 5564 Deolque
654 5497 675 5549 Α
693 5505 756 5563 post
773 5509 809 5550 ea
826 5493 878 5551 ltoc
895 5498 988 5549 omittit
1005 5494 1098 5566 quod,
1119 5503 1145 5550 et
1163 5496 1236 5563 ponit
1253 5494 1407 5551 intercutem
1423 5495 1481 5549 loco
1497 5497 1629 5551 creatum.

236 5592 248 5630 ¹
266 5595 286 5647 ‚t
305 5595 399 5649 omittit
413 5608 464 5665 per
481 5608 510 5650 se
527 5591 604 5651 nobe
621 5592 788 5649 naturaliter
806 5592 932 5665 cognita·
950 5602 977 5649 ot
995 5608 1056 5648 mor
1075 5593 1154 5650 trabet
1171 5592 1204 5649 de
1221 5592 1395 5651 increatum
1422 5595 1479 5649 loeo
1506 5606 1542 5650 ex
1568 5596 1646 5648 noto·

148 5689 261 5748 ralibua.
