3870 6488
220 384 282 451 1811
793 404 943 464 ortnsrro
965 405 1136 455 nrsrurnru

307 531 336 594 ⁹2.
361 529 457 605 ltem,
480 528 646 597 Anselmus
677 528 753 597 dicit
784 530 894 598 collem
921 530 1041 597 libr0¹:
1072 531 1225 599 «Veritus
1247 537 1295 599 est
1326 531 1483 599 rectitudo
1514 530 1581 600 sola
1612 538 1719 601 mente

217 644 474 730 perceptibilis»;
492 645 547 713 sul
573 645 729 713 rectitudo
752 664 813 712 non
838 647 1047 732 cognoscitur,
1072 647 1130 713 nisi
1155 646 1359 714 examinetur
1382 647 1421 714 acl
1440 648 1583 734 regulam
1608 648 1720 715 intulli-

217 759 334 827 luten.
359 760 437 827 nillil
461 762 640 828 arrtcm'est
663 761 792 830 omnino
815 761 979 830 inlallibile
1002 761 1061 829 nisi
1086 763 1188 830 lteris:
1213 754 1290 847 ergo
1311 769 1370 831 etc.

846 983 1085 1053 RESPONDEO:

307 1214 421 1281 Dicunt
438 1214 546 1301 aliqui,
563 1214 649 1302 qrrocl
666 1214 799 1282 verbum
814 1216 988 1301 Augustini,
1001 1215 1086 1304 quod
1104 1214 1190 1297 dicit,
1203 1215 1309 1283 omniu
1325 1215 1426 1285 rideri
1445 1217 1476 1284 in
1492 1215 1564 1285 luce
1579 1223 1721 1298 aeterna,

216 1328 457 1415 intelligendum
481 1337 529 1397 est
553 1330 613 1398 sic:
638 1331 742 1399 illest
766 1331 795 1397 in
821 1331 891 1399 luce
916 1331 1093 1400 intellectus
1116 1333 1251 1419 agentis,
1267 1348 1350 1419 qliae
1365 1340 1414 1400 est
1433 1350 1588 1420 expressa
1611 1333 1721 1401 simili·

97 1431 105 1445 “
216 1446 295 1512 bulo
320 1446 399 1515 lucis
421 1455 579 1515 aeternae.
605 1445 748 1514 Celetro:
780 1447 974 1535 Augustinus
1001 1446 1115 1535 probat
1145 1447 1285 1519 secundo
1316 1447 1357 1517 de
1388 1448 1500 1517 libem
1535 1447 1721 1531 Arbitrio’,

216 1560 316 1628 Deum
341 1580 428 1641 esse,
451 1580 509 1650 per
533 1563 610 1644 boc,
633 1563 716 1651 qrrocl
743 1562 850 1631 lumen
875 1563 973 1644 itum,
998 1563 1029 1631 iu
1053 1582 1117 1652 quo
1140 1563 1246 1631 omnia
1269 1562 1434 1647 ridemus,
1457 1570 1630 1632 estonum
1654 1582 1721 1631 non

217 1685 420 1746 numeratum
444 1679 476 1746 io
500 1677 648 1747 omuibus
673 1678 937 1768 intelligentibus,
960 1679 1001 1747 au
1025 1679 1146 1747 nullius
1168 1687 1317 1748 naturam
1333 1680 1722 1769 pertinens;sicut1utet

217 1794 361 1863 intuenti.
394 1796 492 1877 ltem,
526 1797 721 1882 Augustinus
751 1795 783 1863 in
816 1795 953 1884 Epistola
987 1795 1029 1865 ad
1053 1794 1281 1864 Nebridium⁸:
1322 1795 1537 1865 «lntellectus
1561 1797 1593 1865 in
1625 1796 1722 1865 nobis

215 1909 343 1979 duobus
366 1911 470 1979 mollis
494 1910 538 1991 ut,
558 1918 614 1978 aut
637 1911 705 1999 ipsa
729 1929 787 2000 per
810 1929 844 1980 se
867 1917 972 1979 mente
996 1890 1204 1992 intrinsecus,
1227 1918 1264 1980 ut
1287 1910 1494 1999 intelligimus
1516 1930 1586 1982 esse
1608 1912 1721 2000 ipsum

219 2026 433 2107 intellectum,
468 2033 523 2093 aut
554 2026 792 2095 annuntiatione
822 2045 842 2094 a
868 2026 1032 2108 sensibus,
1064 2033 1100 2094 ut
1130 2045 1203 2095 cum
1236 2025 1442 2114 intelligimus
1472 2044 1543 2097 esse
1573 2046 1721 2116 corpus:

215 2140 294 2208 illud
318 2141 459 2230 primum
482 2141 522 2210 de
545 2159 601 2222 eo,
624 2141 709 2231 quod
734 2147 783 2210 est
805 2142 892 2231 apud
914 2160 990 2223 nos,
1014 2142 1115 2211 Deum
1144 2141 1356 2223 consulendo,
1380 2140 1420 2211 de
1443 2159 1481 2211 eo
1504 2160 1596 2224 uero,
1627 2144 1721 2231 quod

216 2274 311 2325 sensu
335 2258 517 2338 nuntiatur,
548 2257 754 2326 nibilominus
785 2257 887 2326 Deum
911 2256 1106 2327 consulendo
1136 2257 1386 2346 intelligimus»,
1410 2257 1497 2328 Unde
1519 2258 1723 2347 Augustinus

216 2370 339 2440 decimo
363 2373 402 2441 cle
426 2372 616 2442 Trinitale⁴z
646 2373 770 2442 «Videt
785 2374 891 2442 anima
913 2373 1071 2463 quaedam
1093 2375 1283 2442 intrinsecus
1304 2373 1417 2462 pulcra
1437 2374 1468 2442 in
1492 2374 1721 2463 praestantiori

213 2496 340 2572 nutura,
365 2507 446 2577 qliae
469 2488 555 2558 Deus
578 2495 626 2557 est
642 2519 672 2555 ».
697 2489 789 2571 ltem,
805 2490 845 2558 de
869 2490 1020 2558 Trinitate
1043 2490 1272 2559 duodecimo⁸z
1305 2490 1420 2558 «llatio
1443 2490 1563 2559 iudicat
1584 2489 1625 2560 cle
1647 2489 1722 2560 istis

215 2605 392 2672 secundum
416 2604 555 2673 rationes
579 2604 793 2693 incorporales
814 2605 1041 2692 sempiternas,
1059 2624 1151 2694 qirae,
1168 2605 1227 2674 nisi
1252 2623 1351 2695 supra
1373 2611 1516 2674 mentem
1535 2612 1658 2688 essent,
1675 2606 1723 2673 in

212 2720 454 2788 commutabiles
476 2739 539 2788 non
570 2727 717 2789 essent».
743 2721 837 2801 ltem,
868 2719 1057 2790 utrooectno
1087 2720 1368 2790 confessionum:
1409 2720 1473 2788 «Si
1505 2720 1601 2789 ambo
1631 2720 1722 2789 ride

213 2853 301 2916 mus,
325 2854 438 2904 rerum
462 2853 532 2904 esse
562 2837 648 2923 quod
672 2834 769 2918 dicis,
791 2842 824 2904 et
853 2835 948 2904 ambo
971 2836 1135 2918 ridemus,
1166 2854 1279 2906 rerum
1311 2853 1381 2906 esse
1410 2836 1497 2923 quod
1528 2835 1618 2918 dico,
1639 2835 1720 2918 ubi,

217 2968 355 3038 quaero,
379 2950 544 3019 videmus?
567 2951 629 3020 Nec
652 2969 710 3038 ego
734 2952 765 3018 in
789 2958 901 3020 teneo
924 2959 959 3019 tu
990 2951 1021 3020 in
1046 2970 1115 3034 me,
1147 2952 1203 3021 sert
1226 2952 1321 3020 ambo
1345 2951 1376 3020 in
1407 2952 1476 3038 ipsa
1505 2969 1588 3039 quae
1615 2968 1720 3039 supra

200 3073 336 3134 ‚mentes
360 3050 484 3135 nostras
506 3073 562 3135 est·
578 3067 826 3135 incommutabili
851 3068 984 3137 veritate
1001 3097 1031 3133 ».
1056 3067 1150 3148 ltem,
1181 3067 1497 3154 Augustinus-super
1519 3066 1669 3136 loannem
1689 3066 1716 3134 ':

220 3206 235 3243 α
250 3182 402 3270 sirperior
425 3182 480 3251 illa
504 3183 580 3265 lux,
603 3201 668 3271 qrra
684 3201 773 3251 mens
789 3183 931 3251 bumana
946 3183 1163 3264 illuminatur,
1187 3182 1272 3251 Deus
1294 3189 1342 3251 est
1358 3211 1389 3248 ι.
1412 3181 1505 3257 ltem.
1521 3182 1719 3269 Augustinus

217 3298 310 3365 tertio
334 3297 373 3366 de
397 3299 508 3367 libero
527 3298 664 3367 Arbitrio
678 3298 703 3364 ⁸:
736 3299 909 3367 «Humana
930 3299 1050 3379 anima,
1074 3297 1262 3367 naturaliter
1292 3297 1410 3365 (lirinis
1436 3315 1478 3366 ex
1501 3296 1619 3385 quibus
1641 3314 1721 3386 pen·

213 3412 267 3481 clet
290 3431 434 3482 connexa
458 3415 651 3495 rationibus,
675 3415 700 3483 si
724 3432 837 3483 rerum
861 3415 938 3484 dicit
960 3422 991 3483 et
1014 3414 1101 3483 ridet
1123 3432 1205 3502 quae
1228 3413 1321 3496 uicit,
1348 3412 1413 3481 illis
1435 3412 1553 3501 quibus
1568 3430 1718 3482 connexa

212 3536 261 3596 est
282 3529 460 3598 rationibus
484 3530 585 3611 ridet:
609 3550 671 3598 non
696 3531 779 3599 enim
804 3530 928 3599 rideret
949 3548 1019 3599 esse
1039 3530 1236 3612 iaciendum,
1249 3529 1307 3599 nisi
1325 3528 1357 3597 in
1372 3529 1424 3597 bis
1440 3527 1630 3611 rationibus,
1647 3529 1719 3617 qui·

99 3686 102 3691 -
213 3643 274 3711 hus
298 3644 379 3712 lacta
402 3650 476 3712 sunt
499 3647 605 3713 omnia
621 3675 651 3712 ».
676 3645 756 3714 llaec
780 3647 984 3734 Augustinus.

302 3759 445 3829 Concedo
469 3746 579 3846 igitur,
596 3761 682 3849 quod
706 3759 764 3829 lux
782 3762 922 3830 increata
944 3760 1162 3849 aliquomodo
1184 3759 1350 3847 attingitur
1372 3760 1404 3828 in
1427 3759 1512 3828 omui
1535 3759 1719 3847 cognitione

213 3874 436 3956 intellectuali3
459 3883 490 3944 et
512 3883 561 3946 est
583 3878 665 3959 ratio
688 3895 745 3963 per
769 3876 901 3945 modum
919 3877 1050 3947 luminis
1071 3876 1267 3947 ostendentis
1281 3875 1386 3946 omnis
1406 3882 1511 3945 certae
1526 3875 1719 3963 cognitionis

302 4130 310 4166 1
330 4112 392 4198 cin.
417 4133 455 4185 u.

301 4229 393 4297 ’Can
414 4232 438 4284 9.
457 4245 531 4299 seqq.

299 4327 311 4363 ¹
330 4328 409 4394 Epist.
427 4329 465 4381 ts.
479 4328 553 4395 (nllus
567 4329 638 4395 1111.)
658 4343 682 4382 n.
697 4327 730 4382 l:
750 4329 805 4382 lloc
823 4329 844 4381 sl
865 4328 949 4396 ilices,
969 4329 1056 4383 suniat
1074 4331 1099 4382 ln
1119 4335 1250 4390 ruentum.
1270 4327 1333 4384 illud
1352 4326 1423 4399 gurod
1442 4328 1586 4396 lntelllgere
1598 4327 1718 4397 appellu-

212 4439 285 4491 mus‚
305 4426 411 4480 (luobus
430 4426 515 4480 mollis
534 4428 558 4479 ln
579 4426 656 4480 nobis
674 4426 747 4480 lieri:
767 4433 811 4480 aut
830 4430 885 4495 losa
905 4442 954 4495 por
972 4442 1000 4481 se
1018 4433 1105 4480 utente
1124 4434 1203 4497 atque
1221 4429 1319 4482 rutlono
1342 4428 1511 4495 intrinsecus,
1535 4434 1566 4481 ut
1591 4442 1657 4482 cum
1675 4430 1717 4482 ln-

210 4525 358 4591 utttgimns,
377 4539 435 4577 esso
454 4526 541 4590 iustam
561 4523 731 4589 lntellectum3
751 4530 796 4577 ant
814 4525 991 4578 admonitione
1009 4540 1024 4578 a
1044 4524 1178 4591 sensibus,
1198 4530 1226 4578 ut
1239 4524 1265 4578 lcl
1284 4525 1356 4593 quod
1375 4526 1428 4578 lom
1447 4524 1547 4578 dictum
1574 4530 1629 4591 est,
1649 4538 1717 4580 curu

212 4623 379 4689 irrurlltglmus
396 4635 454 4674 csso
472 4635 577 4688 cornus.
599 4622 625 4674 ln
644 4621 742 4690 qulbus
760 4621 866 4676 duobus
885 4621 1027 4688 generibus
1046 4621 1109 4675 illud
1128 4623 1244 4688 orimum
1264 4636 1312 4689 per
1331 4636 1392 4689 nos,
1411 4620 1438 4675 tu
1465 4627 1506 4675 cst
1528 4619 1562 4675 de
1579 4635 1614 4676 eo
1639 4624 1719 4691 quod

210 4721 282 4787 ancill
302 4735 350 4773 nos
367 4726 415 4785 cst,
436 4721 519 4773 lleum
538 4718 707 4786 consulendo,
727 4720 778 4774 boc
795 4724 883 4774 autem
902 4719 1049 4774 secuudum
1069 4718 1102 4772 tle
1120 4733 1153 4772 eo
1171 4718 1243 4788 qrrod
1262 4734 1277 4771 u
1296 4733 1407 4787 corpore
1426 4732 1559 4788 sensuque
1569 4721 1720 4791 nuntietur,

210 4820 378 4872 nibilominus
396 4818 480 4871 Deum
499 4818 660 4872 consulundo
680 4817 854 4885 lntelllgtmus.

221 4916 224 4921 ’
299 4914 310 4952 ⁴
328 4915 392 4983 Cup.
412 4915 438 4969 u·
457 4930 482 4969 n.
501 4915 536 4969 7:

298 5013 310 5049 ⁵
328 5012 391 5081 Cain.
411 5015 435 5067 2.
456 5027 481 5067 n.
500 5014 525 5066 2.

257 5128 260 5132 *
297 5111 390 5178 ‘Can
410 5111 453 5165 23.
473 5126 498 5165 n.
519 5110 561 5165 35.

297 5210 308 5245 ⁷
328 5210 354 5263 ln
373 5211 472 5276 Erung.
492 5210 559 5262 toan.
579 5223 601 5263 c.
622 5208 646 5263 1.
666 5208 752 5264 l'mct.
775 5209 814 5263 15.
835 5223 862 5262 u.
884 5208 924 5263 19.

298 5307 391 5375 ⁸Cap.
412 5308 435 5358 li.
456 5323 480 5361 n.
506 5309 544 5361 13.
