3870 6488
652 780 700 829 ra.
725 778 871 829 arcanam
895 779 916 826 n
940 776 1139 827 nenrnvnnn.
1576 761 1641 829 223

141 914 248 976 tate».
275 906 356 975 Cum
379 906 456 994 ergo
479 905 521 973 ibi
547 905 697 994 loquatur
720 906 760 974 de
783 905 921 973 naturali
944 905 1138 991 cognitione,
1161 904 1288 972 videtur
1319 921 1378 991 per
1406 904 1532 990 ipsum,
1555 905 1641 990 qruod

139 1022 329 1091 naturaliter
352 1039 525 1109 possumus
549 1039 754 1109 cognoscere,
778 1021 877 1089 immo
899 1021 1056 1109 quidquid
1073 1021 1261 1089 naturaliter
1278 1020 1515 1107 cognoscimus,
1531 1038 1643 1108 cogno

141 1140 261 1208 scimns
288 1138 319 1205 in
344 1146 474 1207 aeterua
498 1138 640 1206 veritato.

230 1257 260 1323 i.
286 1255 373 1335 ltem,
398 1272 481 1321 nono
504 1254 545 1322 de
569 1254 722 1322 Trinitate
747 1253 886 1340 capitulo
910 1253 1067 1342 septimo¹
1097 1252 1174 1320 dicit
1197 1252 1392 1339 arigustinns
1415 1252 1476 1321 sic:
1499 1253 1556 1318 «ln
1590 1252 1643 1321 illa

143 1371 239 1456 igitur
262 1376 393 1437 aeterna
418 1368 572 1449 veritate,
596 1387 637 1436 ex
661 1388 725 1456 qua
749 1368 935 1454 temporalia
950 1370 1032 1436 iacta
1054 1376 1129 1437 sunt
1144 1369 1279 1450 ommia,
1296 1369 1449 1450 lormam,
1466 1370 1642 1438 secundum

143 1504 240 1573 quam
264 1502 378 1553 sumus
400 1493 432 1552 et
455 1484 632 1553 secundnm
655 1502 752 1571 quam
777 1485 827 1552 rel
852 1486 883 1552 in
900 1484 990 1551 nobis
1015 1485 1065 1553 vel
1100 1485 1132 1552 in
1156 1485 1344 1571 corporibus
1380 1503 1455 1553 vera
1489 1493 1521 1553 et
1557 1493 1642 1554 recta

143 1600 265 1668 ratione
288 1598 409 1686 aliquid
433 1617 616 1685 operamur,
640 1598 712 1667 nisu
736 1600 850 1668 mentis
873 1600 1065 1687 aspicimus,
1088 1607 1184 1687 atque
1215 1600 1288 1668 inde
1316 1608 1499 1687 conceptam
1532 1620 1641 1669 rerum

143 1733 289 1784 veracem
315 1714 458 1782 notitiam
483 1723 634 1801 nuquam
659 1716 793 1783 verbum
818 1716 903 1802 apud
929 1733 987 1784 nos
1009 1716 1188 1796 habemns,
1213 1722 1244 1784 et
1267 1716 1401 1785 dicendo
1432 1718 1517 1784 intus
1548 1717 1644 1804 gigni·

147 1849 240 1911 mus,
264 1849 322 1900 nec
345 1849 364 1897 a
385 1830 477 1898 nobis
500 1830 659 1899 nascendo
683 1830 858 1899 discedit».
884 1830 963 1898 Cum
988 1848 1064 1917 ergo
1089 1831 1131 1899 ibi
1156 1832 1306 1919 loquatur
1329 1833 1369 1901 de
1393 1835 1571 1919 cognitione
1593 1852 1645 1900 na·

146 1946 255 2028 turcii,
278 1947 406 2015 videtur
430 1964 486 2033 per
510 1947 630 2033 ipsum,
653 1946 739 2033 quod
762 1945 951 2015 naturaliter
974 1947 1190 2034 intelligamus
1213 1948 1314 2035 ipsam
1337 1954 1498 2017 aeternam
1531 1948 1644 2017 verita·

147 2068 225 2143 tem,
260 2068 291 2129 et
314 2061 387 2129 inde
422 2062 637 2148 concipiamus
675 2060 817 2129 notitiam
853 2080 980 2143 rerum3
1004 2070 1036 2131 et
1069 2064 1187 2146 sisic,
1222 2064 1411 2133 natrrraliter
1438 2064 1644 2153 intelligimus

150 2195 262 2245 rerum
287 2185 430 2246 creatum
453 2177 486 2244 in
509 2185 638 2245 aeterna
661 2177 804 2245 verimte.

235 2292 264 2361 3.
290 2293 376 2373 lteru,
392 2292 547 2361 tricenna
563 2301 673 2361 octavo
686 2293 928 2380 lletaphysicae,
944 2295 1083 2382 capitulo
1099 2297 1210 2383 qrrinto
1234 2297 1320 2378 dicit,
1342 2299 1451 2386 «quod
1468 2298 1644 2366 altissimus

145 2407 303 2497 gloriosus
325 2427 387 2476 uon
411 2408 507 2477 hatrat
529 2408 759 2490 definitionem,
782 2416 814 2477 et
836 2410 923 2497 quod
946 2429 1008 2477 non
1033 2417 1137 2497 potest
1160 2411 1228 2479 lteri
1252 2411 1480 2482 demonstratio
1514 2413 1554 2482 de
1584 2432 1644 2495 eo,

146 2526 201 2595 sed
226 2525 312 2613 quod
336 2525 403 2611 ipse
420 2532 467 2593 est
483 2526 711 2592 demonstratio
727 2526 767 2593 de
782 2526 868 2595 omni
885 2527 970 2614 quod
987 2533 1036 2594 est
1048 2551 1078 2593 »z
1102 2545 1179 2614 ergo
1194 2527 1331 2609 ridetur,
1347 2528 1433 2615 qnod
1449 2546 1542 2596 omne
1558 2530 1642 2616 quod

145 2641 382 2728 cognoscimus,
407 2642 530 2728 inipso
564 2641 792 2726 cognoscimus.
829 2641 909 2709 Cum
937 2660 1013 2729 ergo
1045 2642 1146 2710 multa
1180 2643 1368 2711 naturaliter
1397 2661 1641 2730 cognoscamus,

144 2759 247 2826 multa
271 2776 346 2826 vera
369 2766 475 2826 creata
498 2756 686 2825 naturaliter
710 2757 742 2824 in
767 2758 836 2846 ipso
860 2759 1075 2845 intelligimus.

234 2875 265 2942 [ι.
290 2874 385 2955 ltom,
407 2873 659 2961 unumquodque
685 2874 872 2961 intelligitur
906 2874 937 2940 in
968 2891 1027 2941 sna
1056 2874 1193 2951 ratione;
1224 2874 1280 2943 sed
1304 2864 1574 2943 veritas'aeterna
1597 2883 1645 2943 est

146 2990 227 3057 ratio
249 2989 352 3057 omnis
374 2989 440 3057 reri
465 2988 579 3058 creati:
604 3008 680 3077 ergo
703 2990 859 3078 quidquid
885 2989 1072 3075 intelligitur
1102 2989 1278 3071 intellectu,
1310 2990 1497 3077 intelligitur
1530 2992 1560 3058 iu
1595 3010 1646 3059 ae·

146 3112 238 3172 terna
261 3105 401 3174 ueritate.
425 3105 535 3172 Minor
558 3113 660 3192 potest
683 3107 812 3193 probari
836 3123 894 3192 per
918 3104 998 3171 illud
1021 3105 1108 3192 qrunl
1132 3105 1208 3174 dicit
1231 3105 1441 3193 Philosophus
1457 3106 1487 3173 in
1505 3108 1645 3174 secundo

146 3219 416 3309 lletaphysicae’:
442 3221 517 3290 dicit
540 3223 623 3289 enim
648 3221 702 3301 ibi,
725 3222 810 3309 qrrod
834 3220 910 3308 qrria
933 3220 1014 3307 iguis
1046 3227 1095 3287 est
1128 3221 1359 3302 calidissimus,
1384 3221 1456 3289 ideo
1479 3230 1527 3290 est
1549 3240 1646 3290 causa

147 3338 262 3406 caloris
296 3338 327 3405 in
362 3336 451 3419 aliis,
474 3345 506 3405 ot
540 3336 742 3404 verissimum
767 3354 864 3404 cansa
887 3335 1030 3404 veritatis
1054 3336 1084 3402 in
1108 3336 1349 3423 posterioribus.

239 3456 268 3520 5.
292 3452 382 3534 ltem,
404 3470 499 3537 agere
523 3452 554 3520 iu
578 3460 651 3521 actn
675 3452 808 3521 includit
830 3469 927 3538 agens
949 3470 1019 3520 esse
1043 3452 1073 3519 in
1098 3459 1185 3531 actn;
1209 3453 1266 3521 sed
1288 3471 1417 3522 movere
1446 3454 1640 3522 intellectum

146 3576 221 3637 actu
243 3576 292 3639 est
313 3586 407 3655 agere
431 3570 462 3637 in
486 3575 576 3637 actn:
601 3586 677 3655 ergo
698 3567 867 3648 obiectum,
891 3567 976 3655 qrrod
1000 3574 1073 3634 actn
1097 3575 1202 3636 moret
1226 3568 1431 3652 intellectum,
1455 3570 1553 3638 lraliet
1576 3587 1646 3639 esse

148 3686 181 3752 in
215 3691 298 3753 actu.
333 3685 393 3753 Sed
428 3685 536 3772 aliqua
570 3683 723 3764 essentia,
747 3702 829 3770 oriae
852 3702 914 3750 non
944 3682 1040 3750 habet
1073 3701 1142 3751 esse
1177 3691 1319 3752 creatum
1344 3682 1376 3753 in
1411 3692 1506 3766 actu,
1542 3693 1647 3754 monet

150 3802 345 3871 intellectum
381 3808 542 3882 nostrum,
578 3807 686 3886 utpote
721 3799 858 3867 essentia
888 3816 996 3879 rosae,
1021 3816 1103 3886 qrrae
1143 3799 1173 3866 in
1210 3799 1314 3867 lriemc
1348 3818 1410 3867 non
1446 3800 1542 3869 habet
1576 3819 1646 3869 esse

147 3926 291 3985 creatum
315 3918 346 3983 in
369 3922 455 3986 actu:
479 3934 555 4003 ergo
578 3914 765 4001 intelligitur
787 3915 819 3982 iu
843 3913 969 4002 aliquo,
992 3913 1047 3980 uni
1071 3913 1167 3981 inaltet
1189 3931 1259 3981 esse
1282 3915 1478 4011 increatum3
1501 3916 1557 3984 sed
1581 3935 1642 3983 non

148 4033 245 4100 liabet
266 4048 335 4101 esse
359 4032 534 4100 increatum
565 4031 651 4099 nisi⁸
676 4033 707 4098 in
730 4031 863 4099 veritate
885 4038 1034 4099 aeterna:
1061 4047 1138 4115 ergo
1161 4029 1277 4118 clipeo
1301 4031 1437 4098 essentia
1460 4032 1649 4100 nutriraliter

148 4148 336 4235 intelligitur
361 4149 394 4216 in
418 4148 550 4217 veritate
573 4153 710 4215 aeterna.
736 4146 795 4214 Sed
820 4165 884 4234 qua
915 4148 1036 4214 ratione
1065 4145 1197 4234 aliquid
1220 4145 1424 4231 intelligimus
1454 4147 1486 4214 in
1515 4149 1647 4216 veritate

147 4271 287 4345 aeterna,
311 4264 423 4332 eadem
445 4263 566 4331 ratione
589 4262 752 4352 pengaaul
774 4261 997 4347 intelligimus,
1036 4261 1242 4348 intelligimus
1273 4260 1305 4329 in
1340 4261 1473 4329 veritate
1507 4269 1645 4331 aeterna.

239 4382 269 4447 6.
293 4380 392 4461 ltem,
417 4378 550 4466 ¹lngeins
573 4377 623 4446 nel
649 4378 744 4444 homo
768 4378 956 4445 naturaliter
980 4376 1125 4464 intelligit
1148 4377 1276 4464 aliquod
1302 4394 1429 4460 rerum3
1453 4378 1510 4445 sed
1535 4395 1645 4446 rernm

148 4495 290 4564 consistit
313 4496 344 4562 iu
368 4495 585 4563 conformitate
609 4494 649 4561 ad
674 4512 770 4562 suum
804 4493 970 4580 euernplar
1006 4493 1037 4561 iu
1061 4475 1167 4561 niente
1190 4493 1315 4575 divina,
1338 4493 1517 4562 secumdum
1546 4496 1649 4561 insel-

150 4629 238 4680 mnm
262 4611 344 4680 libro
367 4611 407 4680 de
423 4609 596 4680 Veritate⁴:
621 4628 698 4695 ergo
721 4618 795 4676 cnm
818 4608 930 4676 relatio
945 4627 1007 4676 non
1024 4616 1234 4696 cognoscatur
1258 4609 1325 4678 siue
1348 4609 1524 4697 arguitione
1543 4618 1646 4677 outre

150 4745 296 4809 urorum,
319 4733 351 4796 et
385 4726 588 4796 cintormitas
610 4725 652 4794 sit
675 4725 801 4807 relatio,
827 4724 963 4806 videtur,
986 4725 1073 4812 qrrod
1097 4726 1233 4811 Angelus
1257 4725 1305 4793 vel
1331 4725 1427 4793 lromo
1457 4726 1645 4793 naturaliter

149 4850 316 4930 cognoscat
341 4843 373 4912 id
396 4841 482 4930 qrrod
505 4848 554 4909 est
576 4859 689 4909 rerum
714 4849 875 4922 creatum,
897 4848 929 4908 et
945 4859 1040 4909 suum
1057 4841 1237 4928 exemplar,
1261 4841 1346 4929 quod
1370 4841 1465 4911 habet
1489 4843 1520 4909 in
1537 4850 1642 4911 mento

149 4959 273 5042 divina3
296 4959 353 5028 sed
375 4958 429 5046 qui
454 4958 643 5027 naturaliter
666 4959 826 5045 cognoscit
849 4957 881 5025 id
905 4958 991 5045 qrrod
1014 4963 1062 5026 est
1079 4976 1192 5026 verum
1208 4965 1351 5026 creatum
1367 4965 1399 5026 et
1422 4976 1517 5027 snum
1541 4977 1647 5027 exem·

238 5281 247 5317 ¹
269 5282 344 5335 Num.
368 5282 407 5334 ll.

239 5378 343 5434 'Text
363 5379 387 5434 l.
408 5379 437 5448 (l.
455 5378 575 5446 brevior,
595 5394 617 5433 c.
641 5378 682 5447 l.).
702 5380 775 5432 -Α
796 5378 889 5433 omittit
907 5374 971 5449 puio
990 5383 1049 5433 auto
1067 5375 1146 5450 ignis.

239 5476 296 5531 ³tn
316 5480 335 5530 B
360 5481 402 5532 lile
430 5478 501 5531 diest
527 5477 605 5544 nisis
623 5485 649 5532 et
673 5479 753 5545 paulo
781 5478 846 5530 intra
874 5477 929 5533 Sed
952 5492 1005 5547 guo
1033 5478 1138 5531 ratione
1156 5476 1260 5548 ‹aliptrid
1286 5476 1462 5551 intelligimus
1483 5476 1512 5534 in
1540 5480 1649 5537 cccrlcrte

149 5577 269 5632 aeterna.

240 5673 252 5709 ⁴
270 5674 334 5745 cip.
352 5675 377 5730 7.
