3870 6488
243 330 306 396 tro
744 348 895 408 ortamno
919 350 1089 400 nrsrnrxra
1114 352 1232 409 errrxrx

237 474 296 539 Sed
321 473 397 561 quia
420 479 589 540 versantur
613 470 704 540 multi
729 472 813 541 circa
838 473 991 559 imagines
1013 492 1203 563 corporum,
1227 473 1305 542 nihil
1329 476 1466 544 eredunt
1488 494 1559 547 esse
1589 478 1649 547 nisi
1673 497 1742 546 cnr·

236 606 312 674 prrs3
335 595 367 655 et
390 588 462 655 iden
484 588 569 656 circa
591 586 716 656 animae
739 595 888 656 naturam
912 598 1031 670 errant,
1053 599 1090 657 ut
1114 590 1191 658 dicit
1213 591 1409 676 Augustinus
1431 592 1555 661 decimo
1576 594 1617 663 de
1640 594 1741 661 Trini-

233 711 312 784 tate,
328 702 482 790 capitulo
505 704 639 792 septimo
653 705 674 770 ¹.
700 705 798 791 igitur
821 710 966 772 secernat
988 723 1023 771 se
1047 712 1080 774 et
1102 705 1262 775 discernat
1284 707 1605 795 aphantasmatihus,
1621 710 1653 777 in
1671 710 1741 796 qni-

234 819 296 887 hus
320 826 477 901 uersatur,
500 828 532 887 et
557 819 761 907 semetipsum
784 820 826 887 ad
849 838 883 888 se
908 828 1034 890 revocet
1056 828 1088 889 et
1111 822 1178 889 sine
1201 840 1312 891 errore
1335 841 1369 892 se
1391 832 1576 910 cognosset,
1598 833 1635 895 ut
1661 826 1741 894 dicit

234 934 319 1003 idem
342 934 483 1023 capitulo
504 935 637 1003 decime.

322 1050 367 1119 ld
391 1049 422 1117 3.
447 1050 704 1139 respondendum
728 1060 777 1120 est
803 1071 861 1140 pm
888 1052 1163 1140 interemptionem
1194 1054 1358 1134 minaria·
1387 1055 1540 1143 quonam
1567 1056 1676 1125 anima
1703 1066 1740 1127 et

233 1167 436 1255 semetipsam
459 1174 491 1234 et
515 1167 660 1249 habitus,
682 1168 738 1256 qui
770 1169 802 1235 in
825 1186 863 1235 ea
892 1175 983 1251 sunt,
1006 1170 1182 1255 cognitione
1213 1171 1387 1239 contuitira
1408 1171 1478 1239 sine
1508 1171 1659 1241 discursu
1689 1191 1741 1240 co

233 1282 362 1367 gnoscit.

321 1398 365 1466 lld
387 1399 419 1466 t.
443 1406 530 1485 patet
552 1399 725 1487 responsio,
748 1399 899 1488 queniam
922 1406 1013 1468 actus
1029 1399 1208 1469 intellectus
1222 1401 1290 1469 sire
1314 1401 1432 1469 virium
1449 1402 1654 1489 superiorum
1670 1421 1736 1471 nun

232 1515 451 1601 impediuntur
474 1521 605 1603 propter
628 1515 890 1602 impedimentum
915 1522 1045 1584 actuum
1069 1515 1255 1585 interiorum
1272 1534 1320 1599 eu,
1336 1515 1445 1606 qu0d²
1461 1517 1548 1587 uires
1570 1517 1738 1588 interiores

232 1631 282 1698 rel
306 1648 418 1698 eorum
442 1648 561 1717 organa
584 1630 773 1718 participent
796 1631 846 1697 uel
870 1641 1081 1718 cooperemur
1104 1632 1135 1700 in
1158 1633 1244 1702 omni
1260 1632 1437 1719 cognitione
1452 1632 1660 1716 intellectira3
1674 1636 1735 1704 sed

229 1747 315 1833 quia,
339 1755 374 1813 ut
398 1746 519 1814 dictum
544 1753 601 1828 est,
624 1747 730 1813 anima
762 1754 811 1814 est
839 1748 990 1835 perfectio
1017 1748 1172 1815 naturalis
1199 1749 1357 1835 cnrpmis;
1383 1750 1533 1836 quamvis
1559 1749 1601 1817 ad
1634 1767 1735 1819 surum

229 1881 297 1928 erre
320 1880 339 1928 a
362 1880 496 1950 corpore
520 1878 581 1930 nnn
606 1863 803 1953 dependeat,
820 1871 926 1931 mmen
949 1862 989 1929 ad
1013 1880 1110 1931 suum
1132 1880 1203 1930 esse
1226 1863 1258 1930 in
1281 1881 1416 1951 corpore
1434 1864 1535 1951 exigit
1557 1864 1737 1952 dispositio

228 1994 301 2043 nem
317 1995 359 2045 ex
376 1983 466 2065 parte
489 1979 727 2066 corporisque
749 1986 910 2065 corrupta,
933 1976 1068 2045 solvitur
1091 1977 1166 2045 nnio
1189 1986 1222 2046 et
1245 1979 1423 2047 necessario
1444 1997 1465 2047 a
1486 1996 1620 2066 cerpme
1643 1997 1736 2068 sepe-

228 2099 328 2160 ratur.
353 2092 398 2161 lta
420 2094 568 2181 quamuis
590 2094 738 2181 operatio
759 2094 830 2161 eius
844 2111 864 2160 a
879 2110 1012 2181 corpore
1028 2111 1090 2160 nnn
1107 2093 1294 2179 dependent,
1311 2100 1462 2180 anquam
1479 2094 1511 2161 in
1526 2093 1735 2181 intelligendo

227 2216 426 2295 cooperetur,
451 2215 556 2277 tamen
578 2209 679 2296 exigit
703 2209 941 2296 dispositionem
964 2228 1006 2277 ex
1030 2216 1121 2296 parte
1144 2210 1303 2297 corporis:
1327 2228 1392 2299 qua
1415 2210 1577 2298 impedita,
1600 2210 1736 2297 impedi·

227 2333 281 2392 tur
304 2325 374 2392 eius
388 2326 545 2412 speratim
568 2342 645 2412 ergn
667 2332 758 2393 aetus
782 2325 947 2393 interiores
969 2342 1031 2393 nen
1056 2332 1131 2393 sunt
1153 2326 1323 2394 necessarii
1343 2325 1385 2393 ad
1408 2331 1516 2393 actum
1534 2325 1733 2412 intelligendi

226 2440 376 2507 interiora
399 2440 448 2508 rel
472 2441 640 2529 superiora
662 2446 814 2528 tanquam
838 2460 946 2508 eausa
969 2458 1127 2528 comem,
1151 2441 1208 2509 sed
1233 2441 1315 2509 sicut
1336 2459 1446 2509 como
1466 2441 1539 2509 aine
1560 2460 1629 2531 quo
1650 2460 1731 2509 nora

315 2556 359 2624 ,ld
385 2558 414 2623 5.
440 2555 621 2637 dicendum,
645 2557 730 2643 quod
755 2557 860 2624 anima
875 2573 910 2624 se
935 2556 1001 2642 ipsa
1019 2557 1207 2624 immutatur
1229 2554 1393 2635 otherlee,
1408 2564 1446 2623 ut
1460 2555 1582 2627 dietum
1596 2563 1656 2637 est,
1672 2556 1731 2625 sed

223 2670 417 2759 surrentiter
440 2672 544 2759 specie
568 2672 635 2740 sire
658 2672 866 2740 similitudine
893 2690 936 2739 ex
965 2672 1033 2759 ipsa
1062 2689 1218 2759 expressa
1241 2672 1273 2739 in
1295 2671 1362 2741 acie
1385 2671 1436 2740 sni
1470 2688 1506 2741 se
1539 2671 1731 2759 cogitantis;

229 2795 261 2856 et
285 2787 382 2856 simili
404 2786 500 2855 modo
515 2788 704 2856 immutatur
718 2787 760 2856 ab
774 2787 936 2857 habitibus
952 2788 983 2855 in
998 2804 1037 2855 ea
1052 2787 1272 2855 existentibus.
1284 2786 1431 2873 -Quod
1446 2792 1554 2857 antem
1569 2785 1646 2855 dicit
1662 2786 1734 2854 Phi·

225 2903 394 2990 insopitus,
418 2902 504 2990 qund
529 2903 703 2991 intelligere
724 2911 774 2972 est
788 2910 878 2972 actus
893 2904 1066 2984 coniuncti3
1090 2903 1171 2984 dico,
1187 2903 1273 2990 quod
1289 2903 1406 2971 dicitur
1422 2911 1520 2971 nctus
1545 2901 1731 2982 maneti,

224 3036 284 3086 nnn
309 3018 396 3107 quod
419 3024 556 3106 utreque
579 3036 654 3106 pars
677 3026 797 3105 eoagat
820 3019 876 3087 sed
900 3021 976 3107 quia
999 3027 1099 3086 tntum
1124 3019 1334 3107 compositum
1358 3018 1432 3105 agit
1456 3019 1575 3089 Tamen
1597 3016 1730 3105 aliquae

222 3134 361 3202 actiones
383 3140 415 3202 et
436 3135 600 3222 passiones
621 3135 842 3203 attribuuntur
865 3135 920 3203 tuti
945 3135 1068 3203 ratione
1090 3135 1268 3225 utrimque
1286 3135 1423 3222 portis,
1446 3134 1529 3205 sicut
1550 3133 1649 3203 homo
1680 3133 1730 3201 di·

222 3252 306 3319 citur
328 3250 446 3319 sentire
468 3259 501 3319 et
522 3250 682 3329 dormire;
704 3250 830 3339 aliquae
853 3251 974 3319 moene
998 3250 1162 3337 emperia,
1186 3250 1269 3319 sicut
1290 3250 1408 3319 dicitur
1431 3250 1555 3338 percuti
1567 3255 1599 3318 et
1610 3249 1729 3329 iacere,

221 3374 253 3435 et
277 3374 381 3435 tamen
406 3366 527 3435 ratione
549 3366 693 3454 corporis
716 3366 841 3448 solum;
864 3366 991 3454 aliquae
1014 3368 1136 3434 ratione
1160 3365 1340 3434 laudemus
1363 3374 1506 3445 matrem,
1529 3365 1612 3435 sicud
1635 3363 1728 3433 intel-

221 3483 336 3569 ligere;
359 3482 419 3549 nisi
443 3481 606 3563 fortassis,
631 3490 667 3550 ut
701 3483 898 3569 praedictum
922 3489 992 3563 est,
1027 3482 1196 3551 coniuncto
1217 3482 1426 3563 attribuatur,
1449 3480 1526 3570 quia
1548 3479 1729 3568 impeditur

223 3606 353 3685 propter
375 3597 492 3664 malam
516 3598 658 3685 rnrpmis
680 3598 928 3685 dispositionem.
951 3597 1018 3666 Non
1041 3605 1147 3666 tamur
1171 3615 1261 3684 nego,
1283 3597 1362 3685 quin
1384 3595 1599 3685 corporalium
1622 3601 1656 3664 et
1677 3596 1729 3665 in·

220 3713 372 3781 lerinrum
397 3712 539 3781 notitiam
563 3730 621 3800 per
644 3730 757 3782 sensus
780 3713 923 3801 eorporis
945 3713 1090 3799 colligat,
1112 3721 1149 3782 ut
1171 3713 1248 3782 dicit
1269 3713 1473 3801 trugusrtuus

306 3830 352 3898 ld
376 3832 406 3898 6.
425 3829 601 3897 'dicendum
625 3828 826 3898 concedendo
848 3829 1012 3896 arciorem
1038 3828 1126 3897 illius
1140 3830 1338 3915 argumenti;
1359 3828 1416 3899 sed
1430 3828 1543 3897 nrinor
1560 3834 1610 3899 est
1626 3828 1727 3899 inter·

219 3945 354 4014 imenda.
378 3946 553 4014 Auctoritas
576 3952 682 4012 autem
708 3944 885 4032 Philosophi
911 3943 1115 4030 intelligenda
1137 3951 1186 4012 est
1209 3944 1250 4012 de
1272 3945 1371 4013 rebus
1391 3942 1627 4032 corporalibus,
1647 3962 1728 4033 qna·

218 4080 291 4130 rum
315 4061 458 4129 notitiam
481 4060 618 4148 acquirit
639 4078 697 4148 per
719 4078 850 4141 sensus,
872 4077 955 4147 quae
978 4060 1047 4128 sine
1068 4059 1289 4147 phantasmate
1311 4077 1374 4128 nnn
1397 4058 1629 4145 intelliguntur.

306 4176 350 4245 lld
375 4180 405 4244 7.
429 4175 615 4257 dicendum,
638 4175 724 4264 quod
747 4177 859 4244 muter
882 4176 969 4243 illius
991 4176 1170 4262 argumenti
1193 4183 1242 4244 est
1264 4175 1352 4244 laisa.
1383 4174 1469 4244 lleus
1490 4174 1576 4243 enim
1606 4192 1727 4261 cogno

215 4293 315 4362 scitur
338 4310 358 4359 a
380 4290 483 4360 Beatis
505 4308 562 4377 per
586 4308 678 4359 suam
701 4292 867 4360 essentiam
891 4290 1062 4370 cometiae,
1085 4309 1144 4377 per
1166 4290 1217 4359 sui
1241 4289 1480 4359 similitudinem
1506 4285 1727 4376 sornmlitcr,

215 4412 270 4501 qui
293 4420 343 4482 est
365 4411 493 4479 omnino
516 4407 653 4496 simplex
677 4416 709 4477 et
732 4407 949 4489 indivisibilis,
972 4414 1132 4475 ettamen
1156 4412 1378 4493 cognoscentes
1393 4412 1424 4473 et
1444 4404 1588 4475 ridentes
1610 4404 1725 4493 ipsum

216 4547 279 4596 nun
303 4533 497 4615 cognoscunt
519 4542 622 4614 neque
638 4523 746 4593 rident
760 4522 884 4605 omnia,
906 4540 988 4610 quae
1012 4530 1088 4590 sunt
1103 4523 1136 4591 in
1153 4523 1238 4610 ipsu,
1253 4528 1284 4591 et
1299 4538 1383 4609 qnae
1397 4526 1473 4589 sunt
1495 4520 1572 4608 ipse
1582 4519 1726 4589 -ttias

213 4650 320 4731 posset
342 4642 422 4725 dici,
445 4640 531 4730 quod
556 4641 702 4727 quamvis
724 4639 830 4708 anima
853 4639 894 4706 sit
917 4637 1072 4725 simplex,
1097 4656 1160 4705 non
1182 4636 1303 4705 habens
1330 4642 1438 4723 partes
1471 4635 1726 4725 quantitativas,

212 4765 260 4827 est
283 4766 389 4827 umen
413 4756 582 4844 multiplex
608 4754 639 4822 in
662 4754 781 4823 virtute
803 4760 835 4822 et
859 4753 891 4821 in
914 4752 1165 4841 proprietatibus
1186 4760 1218 4821 et
1240 4750 1494 4839 operationibus,
1509 4768 1593 4841 qnae
1609 4752 1724 4821 omnia

213 4879 448 4962 cognoscuntur
472 4872 539 4941 suis
562 4871 702 4959 propriis
724 4868 900 4958 speciebus.

303 5145 310 5180 ¹
332 5146 408 5197 h'um.
427 5146 452 5197 e.
470 5170 508 5184 -
524 5144 642 5211 Sequens
662 5141 806 5208 proposltlo
824 5146 864 5194 est
881 5138 918 5193 tht
936 5153 961 5192 n.
984 5138 1024 5191 13.
1043 5152 1118 5206 seqq.

301 5244 313 5280 ²
332 5244 352 5297 lt
370 5244 463 5297 emittlt
481 5254 528 5305 ro,·
547 5242 572 5293 ln
592 5244 612 5292 Α
632 5242 739 5293 tortasse
758 5239 809 5305 legi
828 5243 913 5305 potest
932 5236 1018 5309 qimai.
