3870 6488
299 347 361 414 130
802 366 952 424 ausssrro
976 365 1148 416 nrsrurarn
1172 367 1283 415 mmm

294 510 313 557 a
337 492 434 559 rebus
456 491 594 578 acceptis
615 497 645 558 et
669 490 854 570 abstractis3
870 488 902 558 in
919 496 1042 558 tantum
1065 497 1172 581 aarum
1190 490 1383 576 indigemus,
1399 498 1436 559 ut
1451 491 1534 560 dicat
1551 493 1793 582 Philosophus',

294 607 379 693 quod
403 606 582 675 arniltentes
606 623 706 673 rrnum
731 623 860 673 sonsum
884 623 1012 674 necesse
1035 613 1083 674 est
1116 606 1262 674 amittere
1297 605 1479 685 scientiam,
1503 625 1585 695 quae
1613 609 1791 678 meandum

294 722 384 789 illum
420 740 549 791 sensum
585 722 645 803 srt3
669 728 700 789 et
722 720 852 789 omnino
876 740 988 790 rerum
1011 729 1060 790 est
1083 722 1170 811 quod
1205 721 1281 790 dicit
1317 721 1548 811 Philosophus,
1580 726 1793 812 cognitionem

293 839 436 922 generari
461 839 493 906 in
516 838 607 906 nobis
634 838 694 905 -ria
728 854 855 918 sensus,
891 837 1064 906 memoriae
1098 847 1131 906 et
1152 838 1387 925 experientiae,
1421 858 1462 908 ex
1487 839 1606 928 quibus
1628 841 1791 930 colligitur

292 953 494 1035 universale,
518 954 604 1041 quiid
627 959 676 1021 est
698 953 890 1040 principium
913 953 991 1021 arlis
1013 961 1046 1023 ot
1069 953 1226 1023 scientiae.
1252 955 1405 1040 Quamvis
1429 955 1525 1041 igitur
1548 956 1628 1026 istae
1651 957 1792 1027 rationes

292 1054 355 1141 sint
378 1073 458 1141 ratio
481 1071 704 1159 cognoscendi,
728 1071 925 1141 necessariae
948 1078 1024 1139 sunl
1046 1079 1150 1139 tamen
1174 1071 1298 1159 species
1311 1090 1332 1138 s
1347 1071 1445 1140 relius
1466 1081 1614 1161 acceptae
1637 1079 1811 1163 unquam·

292 1188 512 1255 elemosinam
546 1196 581 1256 et
612 1186 758 1274 proprio
789 1187 870 1255 ratio
903 1187 1123 1274 cognoscendi.
1147 1187 1184 1255 Et
1206 1186 1278 1255 ideo
1301 1194 1431 1275 propter
1466 1188 1538 1257 illas
1559 1191 1698 1259 rationes
1721 1209 1787 1259 non

291 1304 385 1372 debet
408 1304 544 1391 cognitio
566 1301 733 1371 omnium’
758 1320 828 1371 esse
851 1310 946 1372 certa

379 1420 567 1489 Positiooem
591 1426 699 1487 autem
722 1418 980 1488 Academicorum
1003 1439 1168 1487 novorum
1190 1420 1329 1489 multum
1358 1419 1516 1508 improbat
1539 1421 1734 1510 Augustinus
1756 1422 1794 1491 in

291 1536 400 1605 multis
425 1536 542 1618 locis³,
565 1552 648 1623 quae
672 1534 773 1603 multo
795 1535 896 1621 magis
919 1542 967 1603 est
990 1534 1218 1623 impmbaliilis
1232 1535 1403 1624 lmprolrat
1432 1543 1540 1606 autem
1571 1545 1608 1606 ut
1625 1537 1797 1626 paremio

289 1672 381 1732 ,scrin
405 1660 441 1720 ut
464 1652 668 1731 absurdam,
693 1658 729 1719 ut
750 1649 887 1738 focam.

379 1769 417 1837 Ut
438 1767 662 1855 perniciosam
694 1768 844 1855 uiridem,
879 1767 1028 1855 quoniam
1064 1775 1198 1837 evacuat
1220 1786 1315 1837 omne
1337 1769 1488 1838 meritum
1511 1777 1543 1838 et
1570 1769 1792 1852 demeritum,

289 1886 441 1955 laudem⁴
464 1893 495 1954 et
517 1885 724 1973 vituperium,
748 1902 786 1952 ac
819 1903 877 1972 per
911 1886 972 1952 hoc
1005 1885 1184 1971 praemium
1207 1892 1239 1954 et
1265 1884 1468 1973 supplicium.
1492 1885 1524 1953 Si
1546 1886 1632 1954 enim
1658 1885 1793 1954 nullum

288 2011 337 2071 est
358 2021 470 2072 verum
495 2009 633 2083 certum,
657 2002 713 2071 scd
737 2001 926 2070 verisimile:
950 2019 1027 2089 crgo
1050 2021 1113 2069 non
1138 2020 1229 2084 rere,
1251 2002 1308 2070 sed
1326 2002 1540 2072 verisimiliter
1563 2011 1714 2091 peccatur
1729 2011 1793 2072 aut

288 2129 372 2188 recte
395 2120 519 2207 agitur3
543 2138 602 2206 pro
624 2125 753 2206 peccato
775 2124 883 2186 arrtem
907 2124 963 2186 aut
986 2124 1072 2186 recte
1094 2119 1175 2186 lacto
1199 2136 1261 2186 non
1285 2136 1379 2201 vero,
1402 2119 1460 2187 sed
1482 2119 1793 2202 verisimiliorem

287 2234 382 2303 (lebet
404 2242 460 2303 aut
483 2234 588 2321 puniri
612 2240 668 2301 aul
690 2233 882 2321 praemiari,
907 2232 1032 2301 laudari
1055 2232 1107 2302 rel
1130 2234 1314 2322 vituperari.

376 2352 414 2419 Ut
437 2349 622 2418 curantem
646 2349 830 2437 impmliat⁶
853 2367 935 2431 eam,
958 2350 1109 2437 quoniam
1126 2350 1263 2418 destruit
1278 2351 1491 2438 semetipsam.
1508 2351 1539 2419 Si
1555 2350 1641 2419 enim
1657 2350 1790 2421 nullum

286 2465 459 2553 percipitur
482 2484 611 2547 rerum,
635 2467 690 2533 sed
715 2465 903 2545 verisimile;
928 2465 1099 2534 verisimile
1121 2472 1230 2534 autem
1262 2484 1324 2534 nou
1348 2472 1450 2554 potest
1473 2466 1604 2555 percipi,
1628 2466 1689 2536 nisi
1713 2485 1793 2555 per·

284 2582 421 2670 cipiatur
445 2600 575 2664 rerum,
600 2583 652 2650 cui
675 2582 778 2650 simile
801 2588 864 2661 est;
888 2582 970 2650 sicut
993 2600 1055 2650 non
1079 2601 1209 2669 possum
1226 2582 1400 2671 percipere,
1417 2589 1447 2651 te
1462 2600 1532 2652 esse
1548 2582 1684 2653 similem
1700 2583 1790 2672 patri

285 2705 349 2780 tuo,
375 2698 435 2765 nisi
464 2704 586 2786 patrem
611 2705 702 2765 tuum
731 2714 934 2784 cognoscam3
962 2697 1109 2766 similiter
1131 2697 1210 2766 dum
1238 2698 1326 2785 ponit
1348 2716 1412 2765 nou
1434 2698 1554 2786 percipi
1578 2715 1703 2780 verum,
1728 2698 1788 2767 sed

284 2813 473 2895 verisimile,
496 2813 583 2899 ponit
607 2812 725 2902 percipi
751 2831 865 2881 rernm
878 2813 898 2880 ⁶.
916 2851 961 2863 -
977 2816 1121 2893 Rursus,
1145 2814 1223 2882 dum
1248 2821 1370 2901 ponunt
1386 2814 1563 2903 sapientem
1586 2831 1648 2883 non
1672 2831 1716 2882 ex
1737 2833 1789 2883 co

281 2928 447 3015 galliciae,
471 2929 528 2997 sed
545 2947 587 2996 err
603 2928 816 3018 inquisitione
838 2928 991 3009 veritatis,
1015 2947 1152 3017 quaero,
1168 2929 1245 3018 quid
1262 2929 1358 2998 distat
1381 2929 1464 2998 inter
1479 2929 1654 3017 sapientem
1670 2937 1703 2998 et
1718 2938 1787 2999 stu·

285 3044 434 3113 illosum?
452 3044 487 3112 Et
502 3051 625 3113 certum
641 3051 706 3125 est,
723 3044 809 3132 quod
825 3044 885 3112 hoc
900 3043 997 3112 distat
1012 3045 1139 3132 sapiens
1153 3064 1173 3113 a
1189 3045 1345 3126 studioso,
1365 3045 1517 3133 qnoniam
1532 3062 1644 3114 earum
1659 3062 1788 3126 rerum,

284 3178 421 3245 quarum
438 3166 486 3229 est
510 3161 541 3227 in
557 3160 697 3248 sapiente
714 3160 857 3241 habitae,
873 3177 984 3228 earum
1002 3178 1111 3228 rerum
1128 3168 1176 3229 est
1192 3161 1222 3230 in
1240 3161 1382 3230 studioso
1397 3161 1466 3229 sola
1481 3160 1657 3250 llagrautia.
1680 3162 1714 3230 Si
1730 3163 1787 3251 igi·

284 3282 338 3343 tur
353 3277 539 3363 sapientiam
556 3275 662 3344 norit:
680 3275 813 3345 stultum
831 3277 931 3362 ergo'
948 3283 997 3345 est
1012 3277 1135 3359 dicere,
1152 3277 1327 3365 sapientem
1343 3277 1490 3365 ignorare
1505 3278 1703 3365 sapientiam,
1719 3296 1790 3347 ma-

283 3393 331 3478 gis
345 3402 470 3475 autem,
493 3393 682 3481 sapientiam
699 3412 761 3460 non
777 3392 966 3480 appmliare,
989 3412 1047 3462 seu
1063 3413 1124 3462 non
1142 3394 1329 3463 consentire.
1346 3432 1391 3445 -
1405 3394 1600 3475 Praetereo,
1619 3393 1787 3482 quomodo

282 3510 407 3595 sapiens
430 3509 490 3577 dici
515 3514 617 3596 potest
640 3509 694 3596 qui
718 3508 857 3596 quaerit,
881 3509 966 3595 quod
984 3509 1177 3577 reinvenire
1201 3508 1372 3596 desperati
1394 3516 1450 3577 aut
1473 3508 1634 3596 quomodo
1655 3509 1788 3596 quaerit

282 3625 465 3707 veritatem,
489 3625 515 3693 si
539 3625 668 3692 omnino
691 3625 856 3694 veritatem
880 3624 1031 3711 ignorati
1047 3625 1220 3712 Quomodo
1243 3625 1327 3693 enim
1351 3625 1486 3713 qaaerit,
1510 3625 1535 3693 si
1567 3625 1668 3693 nescit
1694 3627 1786 3714 quod
1899 3619 1902 3623 ’

282 3749 440 3828 qrraemtt
464 3742 700 3810 perabsurdum
723 3749 780 3810 est.
804 3780 848 3793 -
871 3743 1037 3811 Praeterea
1068 3741 1230 3830 inquisitio
1253 3747 1301 3810 est
1323 3748 1429 3810 motos
1462 3759 1482 3808 a
1504 3742 1586 3810 notis
1607 3741 1649 3809 ad
1674 3739 1787 3827 ignota

282 3858 470 3943 perveniens
482 3859 501 3924 ⁸.

370 4108 378 4142 ¹
399 4105 450 4161 Clr.
470 4122 550 4176 supra
568 4121 629 4175 pag.
648 4106 683 4159 80
702 4110 761 4159 nota
781 4103 805 4158 l.
825 4105 850 4159 5.
868 4133 905 4145 -
922 4105 979 4159 llos
999 4120 1048 4173 pro
1066 4104 1193 4176 generari
1209 4107 1230 4160 B
1247 4103 1417 4176 degenerari.

368 4206 380 4243 ²
399 4207 433 4259 lta
452 4206 488 4273 C;
508 4206 558 4260 nu
576 4206 699 4260 cmlttunt
716 4201 845 4274 cognitio,
867 4204 887 4255 B
906 4205 979 4270 ponit
997 4203 1107 4258 omniuo
1126 4219 1175 4271 pro
1193 4204 1323 4259 omnium.

368 4304 449 4359 ³Clr.
469 4305 586 4371 August,
606 4304 642 4356 lll.
662 4306 751 4355 contra
770 4301 894 4355 dcadem.
914 4315 937 4355 c.
959 4301 1000 4355 lli.
1020 4315 1045 4355 n.
1066 4301 1117 4369 35;
1138 4301 1201 4354 lbld.
1220 4302 1247 4355 ll.
1267 4316 1289 4355 c.
1308 4301 1335 4355 7.
1354 4316 1379 4354 n.
1402 4302 1450 4370 ro;
1479 4300 1542 4355 ibid
1560 4301 1597 4354 ΙΙΙ.
1616 4314 1638 4355 r.
1658 4301 1684 4354 3.
1706 4315 1731 4355 n.
1754 4302 1787 4370 5,

279 4409 305 4455 ot
323 4418 345 4457 c.
367 4402 407 4457 ll.
427 4417 451 4456 n.
471 4403 521 4468 30;
540 4415 571 4455 cr
590 4400 688 4469 qirilrus
704 4401 768 4454 locis
786 4404 908 4467 excerpta
927 4405 987 4454 sunt
1005 4414 1072 4469 quae
1091 4405 1246 4468 sequuntur.

368 4501 378 4538 ⁴
397 4502 417 4557 C
435 4501 573 4568 praeponit
591 4512 706 4554 omnem
1522 4495 1535 4533 ⁵
1553 4493 1724 4566 lirqirulml.

365 4603 378 4638 θ
396 4603 479 4655 llulns
497 4599 683 4667 proposltionls
700 4598 857 4652 consuuctlo
877 4594 1024 4651 defectuosa
1043 4598 1081 4650 sic
1099 4601 1139 4650 est
1155 4597 1183 4657 in
1202 4595 1345 4650 codtclbus

365 4701 377 4738 ⁷
396 4702 416 4754 ss
434 4702 539 4764 colem,
557 4697 577 4751 C
597 4694 684 4762 enim,
705 4695 747 4748 cul
766 4695 877 4749 otlamd
898 4696 985 4748 lavere
997 4693 1110 4747 sistetur.
1129 4693 1182 4746 Sed
1200 4695 1257 4761 ipse
1270 4699 1405 4747 contextus
1423 4691 1647 4759 rideturexlgere
1665 4694 1788 4759 particu-

277 4802 343 4867 lam,
363 4813 431 4868 quiae
449 4797 664 4865 consequentiam
682 4795 811 4862 crprlmit.
824 4791 899 4846 Unde
917 4791 1028 4846 etlomC
1047 4798 1107 4858 post
1125 4789 1274 4846 conseotde
1287 4787 1542 4860 prosequitur:er
1559 4787 1713 4861 gudrum
1732 4792 1785 4847 md

276 4901 326 4953 noc
344 4897 492 4952 remedium
511 4894 720 4962 paralogismum
739 4892 845 4946 inducit.
866 4892 923 4945 ‚uox
942 4903 991 4958 pro
1009 4888 1156 4960 septenam
1173 4890 1194 4943 Α
1212 4886 1380 4960 sopierrtr'om.
1399 4888 1518 4957 uanique
1536 4888 1557 4941 B
1574 4885 1641 4959 guid
1656 4893 1780 4960 quaerut

285 5012 325 5052 iro
361 4995 417 5052 arod
454 4997 557 5050 aruerat.

276 5013 284 5065 ¹
344 5013 375 5132 ‘1⁸
392 5011 452 5149 11οὲ
466 5098 651 5161 argumentum
670 5094 770 5145 tantum
783 5090 898 5156 tangitur
916 5088 950 5143 ab
963 5094 1082 5154 auctoie;
1101 5086 1148 5141 sod
1167 5086 1240 5139 lacllo
1257 5086 1352 5152 exponl
1366 5089 1452 5152 potest
1469 5083 1504 5138 ad
1521 5082 1782 5140 ererlendnmlllam

274 5196 364 5249 lalsom
383 5195 548 5262 opinionem,
567 5189 705 5245 addendo:
723 5191 745 5242 sl
764 5202 829 5255 ergo
849 5187 918 5241 nulla
936 5192 998 5241 sunt
1016 5192 1089 5254 nota,
1109 5199 1158 5239 nec
1175 5181 1312 5254 incensitis
1329 5181 1451 5238 ceritati
1469 5182 1525 5236 llerl
1544 5187 1643 5251 potest,
1663 5195 1713 5235 nec
1732 5197 1783 5251 per

274 5296 341 5347 lianc
359 5293 551 5361 inquisltlonrm
571 5291 675 5357 sardens
694 5288 818 5355 dlstlngui
837 5301 851 5339 a
868 5286 954 5340 stulto.
