3870 6488
217 404 260 474 aa
772 424 883 473 sanem
908 422 1162 473 possessarum:

215 548 372 630 caritatis,
397 548 467 617 ideo
490 548 607 617 debent
628 548 822 617 concordare
846 548 876 614 in
894 549 961 616 suis
985 548 1156 616 sententiis.
1182 547 1313 634 Propter
1335 546 1421 634 qnod
1447 546 1547 615 larabi
1573 547 1713 616 tertio¹:

217 662 344 744 Nolite,
366 661 517 749 batres,
538 662 654 751 planes
676 663 837 751 neopheri
857 662 942 749 fieri.
967 663 1057 750 Quod
1082 663 1211 751 quidem
1236 662 1330 742 dicit,
1354 681 1417 730 non
1440 662 1638 749 probibendo
1661 682 1715 733 eos

215 778 338 847 adoni
369 780 517 849 scientiae
550 779 852 859 communicatione,
887 797 959 847 oiim
983 779 1068 847 dicat
1095 779 1215 864 Moyses
1255 776 1468 846 Numerornm
1499 777 1715 846 undecimo²:

218 896 300 979 Qieas
324 895 462 975 tribuat,
486 903 525 963 ut
546 896 654 963 munis
674 894 820 983 populus
831 893 1021 982 prophetet,
1036 903 1065 961 et
1081 894 1134 961 det
1147 894 1195 961 eis
1219 893 1383 961 Dominus
1404 893 1565 980 spiritum
1587 894 1716 961 surani?

218 1010 253 1077 ih
265 1010 386 1097 primae
401 1011 482 1079 Petri
500 1016 615 1099 quarto
628 1009 654 1077 ⁸:
677 1010 926 1101 Unampuisqae,
942 1011 1029 1077 sicut
1044 1009 1171 1096 accepit
1183 1008 1352 1098 pretium,
1368 1008 1405 1075 iii
1419 1008 1622 1077 alterutram
1638 1017 1718 1093 etc.;

215 1124 272 1193 sed
295 1126 355 1195 boc
377 1126 470 1207 dicit,
493 1134 530 1193 ut
558 1144 619 1193 non
644 1124 782 1194 habeant
803 1126 909 1194 varias
932 1125 1103 1194 senmntias
1125 1133 1158 1193 et
1179 1123 1386 1212 peregrinas,
1416 1124 1473 1193 sed
1495 1140 1606 1193 omnes
1630 1125 1715 1193 idem

215 1239 342 1323 (licant,
375 1241 458 1310 sicut
487 1242 610 1328 primae
636 1241 678 1309 ad
705 1240 883 1311 Corinthios
907 1241 1049 1328 primo⁴z
1077 1239 1216 1308 Obsecro
1239 1259 1313 1320 voe,
1335 1236 1482 1327 fratres,
1505 1260 1565 1327 pei·
1595 1260 1718 1309 aionien

215 1356 353 1424 Domini
382 1356 490 1423 nostri
511 1358 588 1424 lesu
620 1353 757 1434 Clumti,
784 1365 819 1423 ut
843 1356 880 1423 id
901 1356 1013 1443 ipsum
1036 1355 1158 1423 dicatis
1180 1376 1311 1435 omnes,
1334 1365 1364 1423 ct
1386 1376 1454 1423 uon
1474 1355 1542 1423 sint
1564 1356 1601 1427 iii
1623 1355 1718 1423 aiobti

214 1470 423 1551 achinneio:
444 1473 520 1539 sitis
543 1482 655 1539 aretem
675 1469 817 1559 perfecti
838 1473 875 1540 iu
896 1472 1007 1539 eodeni
1029 1492 1129 1539 sensu
1152 1466 1240 1539 et'in
1262 1472 1377 1540 eadem
1398 1450 1570 1539 seniculia.

303 1588 381 1655 Nam
411 1588 566 1657 dissensio
599 1588 854 1657 sententiarum⁵
888 1597 1000 1655 ortum
1035 1584 1130 1655 habet
1164 1607 1187 1656 a
1218 1588 1494 1675 praesumtione,
1534 1588 1714 1657 secundnm

215 1702 293 1771 iliud
318 1702 562 1771 Proverbiomm
596 1703 720 1772 decimo
743 1704 836 1772 lertio
854 1704 886 1770 ⁸:
922 1705 1011 1771 Inter
1044 1702 1204 1790 superbos
1233 1722 1362 1791 semper
1386 1702 1503 1792 iurpia
1526 1712 1608 1773 sunt
1623 1740 1668 1753 -
1683 1712 1715 1772 et

209 1819 306 1905 parit
328 1816 570 1906 corifiuioueni,
585 1819 708 1907 primae
730 1819 771 1888 ad
795 1819 996 1888 Timotheum
1021 1818 1133 1887 ultimo
1147 1819 1172 1886 ²:
1198 1819 1238 1886 Si
1259 1800 1335 1909 prais
1356 1819 1455 1887 aliter
1475 1818 1567 1887 docet
1589 1828 1620 1887 et
1646 1838 1713 1885 non

213 1934 394 2024 ocpiaieseit
414 1934 511 2001 soriis
532 1934 742 2002 sermonibus
764 1935 902 2002 Dmnini
922 1934 1032 2001 nostri
1055 1936 1129 2001 lesu
1150 1931 1277 2002 Christi
1297 1943 1328 2001 et
1349 1935 1390 2015 ei,
1418 1955 1505 2025 puae
1525 1934 1711 2003 amandum

210 2048 367 2135 pietatem
389 2058 437 2118 est
466 2050 651 2125 doetrinae.
673 2049 839 2137 superbae
861 2058 919 2129 est,
943 2048 1029 2117 nihii
1050 2049 1169 2130 sciercs,
1196 2050 1255 2118 aed
1283 2050 1446 2139 &cupimus
1481 2050 1576 2119 circa
1611 2070 1709 2140 pirae

213 2165 335 2232 stiones
357 2173 387 2233 et
404 2184 541 2255 puppas
563 2165 759 2246 verborum,-
781 2165 965 2255 exquibus
988 2165 1149 2235 orientia·
1172 2165 1337 2245 inuidiae,
1361 2166 1605 2245 contentiones,
1629 2164 1714 2233 bias·

211 2279 373 2367 pientiae,
407 2281 613 2369 suspiciones
642 2282 763 2365 molae,
787 2280 1046 2369 corrpietaliones
1074 2279 1247 2349 bominum
1277 2290 1383 2349 mente
1411 2290 1654 2371 corruptorum
1684 2292 1715 2349 et

214 2396 275 2484 pai
295 2396 433 2464 ienitate
452 2396 584 2483 priuati
604 2406 694 2465 sunt.

304 2511 458 2597 Quoniam
481 2530 559 2599 crgo
582 2512 660 2582 haee
682 2512 744 2580 tria
766 2520 857 2595 sunt,
889 2531 972 2601 quae
996 2513 1175 2602 impediunt
1202 2512 1243 2581 ad
1279 2514 1513 2601 perceptionem
1548 2513 1716 2597 veritalis,

214 2625 362 2695 videlicet
392 2627 601 2714 praesumtio
635 2646 810 2711 sensuum,
833 2636 866 2697 et
888 2628 1049 2697 duseinio
1071 2629 1312 2711 sententiarum,
1336 2637 1368 2697 et
1405 2629 1592 2717 desperatio
1628 2630 1717 2699 inve-

215 2740 321 2809 niendi
344 2759 479 2824 uerum,
503 2743 575 2811 ideo
599 2743 649 2811 his
671 2741 804 2812 obvians
826 2743 972 2813 Christus
994 2744 1090 2813 dicit:
1121 2744 1214 2812 anaia
1228 2753 1276 2811 est
1291 2744 1453 2833 mapister
1476 2753 1593 2825 emim,
1619 2743 1720 2813 Chri·

213 2866 295 2924 stus.
319 2856 421 2938 Dicit,
445 2858 591 2946 inquam,
614 2859 701 2946 qnod
724 2859 870 2928 Christus
892 2866 940 2927 ost
963 2860 1134 2948 mapister,
1157 2867 1194 2929 ut
1213 2859 1259 2929 de
1274 2866 1383 2928 nostra
1398 2859 1603 2929 scientianon
1616 2879 1720 2948 prae

214 2992 392 3040 siamarnas
404 2998 416 3053 ,·
438 2973 536 3056 dicit,
560 2973 646 3062 quod
668 2994 783 3056 aneu,
807 2993 847 3043 ne
870 2975 901 3043 ln
925 2993 1021 3044 sensu
1044 2976 1272 3077 dissentiamus
1278 3002 1288 3059 ;
1304 2975 1391 3058 dicit,
1407 2976 1493 3064 quod
1515 2984 1622 3044 veser
1643 2986 1720 3058 est,

214 3096 345 3175 paratos
367 3088 459 3157 nobis
481 3089 645 3172 assistere,
661 3107 701 3159 ne
716 3090 945 3178 desperemus,
969 3091 1110 3159 manime
1133 3110 1206 3159 oum
1231 3092 1299 3179 ipse
1322 3091 1399 3159 velit
1421 3097 1453 3159 et
1468 3092 1593 3160 saintet
1612 3094 1719 3181 possit

215 3222 273 3272 nos
292 3204 424 3287 docere,
447 3206 601 3274 mittendo
625 3205 716 3273 illum
741 3206 912 3294 Spiritum,
935 3208 975 3275 de
998 3226 1062 3296 quo
1086 3207 1153 3294 ipse
1176 3206 1254 3276 dicit
1277 3208 1399 3275 loannis
1429 3206 1554 3276 decimo
1583 3216 1681 3277 sexto
1695 3210 1719 3277 ⁸:

216 3318 300 3386 mam
322 3320 447 3388 uenerit
470 3320 524 3388 ilie
547 3321 696 3408 Spiritus
717 3322 882 3403 aerianus,
905 3322 1030 3391 docebit
1052 3343 1110 3390 rios
1133 3342 1263 3391 omnem
1284 3323 1466 3391 ueritatem.
1491 3322 1584 3410 Quod
1621 3324 1721 3393 uobis

215 3443 378 3521 praestare
400 3437 481 3505 etet.

305 3731 314 3767 ¹
334 3732 408 3786 Vens.
429 3734 452 3785 1.
472 3732 601 3799 Vrilgntn:
621 3732 702 3787 Nolite
720 3732 810 3799 piures
827 3734 944 3799 magistri
963 3732 1033 3801 lieri,
1052 3734 1145 3787 lenires
1162 3733 1223 3785 mel.

302 3829 315 3865 ²
334 3830 408 3884 Veis.
428 3831 471 3884 ie.

303 3928 315 3965 ³
334 3929 408 3984 Vero.
429 3930 471 3995 to,
490 3927 536 3983 nbi
555 3930 738 3997 continuatum
757 3932 782 3982 in
811 3930 964 3983 allernlrnni
992 3930 1061 3983 iham
1089 3931 1278 3997 ministrantes,
1306 3930 1373 3983 sinit
1399 3926 1461 3982 boni
1487 3928 1718 3983 neminemnam

215 4026 381 4081 miiitilormls
400 4028 498 4093 metior
516 4027 570 4081 ilci.

304 4125 315 4161 ⁴
335 4127 408 4179 Vera
429 4126 471 4179 10.
1339 4122 1640 4181 *chananeorum

301 4222 315 4259 ⁶
334 4224 407 4277 Vers.
428 4224 468 4276 10.

303 4320 316 4357 7
335 4321 409 4374 vers.
428 4320 453 4373 3.
473 4318 497 4373 l.
511 4320 536 4374 5.

235 4405 240 4419 '
302 4416 408 4472 ⁸viis.
431 4419 470 4473 ia.

301 4517 315 4554 ⁹
332 4516 490 4571 Profundum
502 4518 570 4573 hanc
581 4517 727 4573 doctrinam
740 4517 774 4572 de
787 4517 972 4573 illuminatione
985 4516 1073 4571 divina
1092 4518 1235 4573 intellectus
1247 4518 1354 4573 bunmnl
1366 4518 1393 4571 ln
1405 4514 1498 4571 ordine
1510 4516 1621 4571 naturali
1633 4518 1717 4573 etlam

213 4620 239 4670 ln
258 4618 315 4670 aliis
332 4614 500 4669 sermonibus
518 4615 649 4670 interdum
668 4623 801 4671 tmctatam
828 4630 886 4670 esse
920 4621 1047 4670 tesmntnr
1073 4616 1220 4682 fragmenta
1239 4616 1377 4669 cuiusdam
1404 4615 1535 4669 semionis
1553 4616 1580 4669 ln
1605 4615 1717 4671 laudeni

213 4715 239 4768 S.
258 4714 402 4781 Dominici,
421 4726 490 4782 qaino
507 4714 720 4781 bonscnpsimus
738 4728 769 4768 ox
788 4712 848 4768 cod.
867 4712 986 4767 biblioth.
1005 4712 1129 4767 lintionul.
1148 4712 1300 4781 Florentiae,
1318 4714 1387 4779 sign.
1407 4713 1485 4767 1017.
1503 4714 1532 4767 Ε.
1550 4712 1594 4769 vt.
1613 4716 1640 4768 ln
1660 4716 1718 4783 lot,

212 4824 280 4864 saec.
300 4809 364 4877 XV,
383 4810 446 4865 oiim
464 4810 600 4865 idonuster.
620 4811 795 4877 Angelorum3
815 4812 947 4865 invenitur
965 4808 1001 4862 ibi
1021 4810 1064 4862 iol.
1082 4809 1125 4862 7i.
1145 4824 1200 4879 seq.

301 4908 399 4962 Auctor
417 4922 565 4975 anonymus
584 4909 662 4962 buius
679 4909 810 4963 senuonls
827 4906 916 4976 qriood
934 4905 1079 4959 doctrinam
1097 4913 1125 4960 ot
1151 4907 1289 4961 nonnullus
1309 4906 1433 4975 loquendi
1451 4908 1579 4963 tonnulae
1597 4908 1717 4965 multum

212 5006 334 5059 conuenit
351 5018 413 5058 cnm
440 5007 467 5058 S.
495 5007 685 5074 honorantem,
705 5005 779 5075 quod
800 5012 887 5059 tomcn
906 5018 958 5057 non
976 5005 1080 5072 sullldt,
1099 5012 1128 5059 ut
1147 5007 1234 5071 ipsum
1253 5007 1334 5059 liuius
1350 5006 1481 5059 sermonis
1497 5014 1636 5061 eudonem
1655 5022 1719 5063 cese

212 5116 369 5157 nsmnmus.
388 5103 465 5157 ilnltn
483 5110 568 5157 emoto
587 5104 613 5156 ln
632 5102 723 5157 codice
741 5104 911 5156 eonenlmna
930 5102 1023 5156 Sermo
1040 5108 1081 5155 ost
1098 5100 1132 5156 do
1150 5104 1201 5156 boc
1220 5108 1303 5157 terim
1323 5101 1460 5169 monium
1478 5102 1560 5170 Deua,
1581 5102 1632 5175 poi
1642 5103 1719 5161 dail

212 5198 245 5253 de
262 5196 376 5254 enebris
395 5198 482 5255 liccam
499 5198 689 5271 splendescere,
704 5199 760 5269 ipse
772 5198 867 5254 iilaait
883 5197 913 5253 in
931 5196 1057 5255 cordibus
1075 5198 1177 5253 venetiis
1193 5198 1232 5253 ad
1248 5198 1475 5255 illuminationem
1487 5198 1617 5257 audatiae
1633 5202 1718 5259 clari

212 5296 275 5353 talis
294 5297 342 5351 bel
358 5282 473 5367 in‘larie
492 5300 550 5353 lesu
570 5296 671 5353 Christi
688 5299 726 5367 (ll.
746 5296 805 5350 Cor.
825 5297 858 5365 l,
878 5298 923 5361 6.).
