3870 6488
47 313 49 320 l

794 823 842 873 ru.
868 822 1037 872 sumnum.
1599 804 1663 870 177

159 970 218 1040 per
245 951 380 1021 lormam
405 969 497 1021 suam
521 950 552 1019 in
576 949 632 1018 se¹
655 949 846 1018 existentem
880 956 912 1016 et
946 946 1177 1034 perficientem,
1202 945 1245 1013 ita
1272 944 1469 1033 innittplnu·
1504 964 1562 1034 per
1597 963 1665 1032 spe-

159 1069 240 1136 ciem
262 1086 354 1136 suam
378 1069 479 1136 aciem
504 1064 707 1154 intelligentis
730 1065 962 1133 informantem.
987 1064 1074 1132 Uurle
1109 1062 1240 1149 intelligi
1268 1081 1331 1150 per
1358 1080 1393 1129 ae
1423 1080 1486 1129 unu
1521 1061 1666 1130 excludit

161 1185 291 1272 intelligi
312 1205 374 1273 per
396 1184 557 1271 speciem,
580 1184 662 1251 sicnt
684 1198 743 1250 uec
765 1181 867 1249 videri
893 1181 997 1249 lucem
1018 1198 1080 1267 per
1102 1200 1137 1247 ae
1159 1178 1305 1248 excludit
1328 1178 1428 1247 villeri
1461 1198 1523 1266 per
1556 1178 1667 1245 litoreo

159 1321 272 1369 enum.

250 1417 294 1487 tn
319 1420 349 1485 7.
372 1416 560 1497 dicendum,
583 1415 669 1507 quod
685 1414 779 1483 aliu¹
796 1415 878 1483 ratio
900 1420 949 1482 est
972 1420 1104 1503 propter
1125 1412 1282 1481 actualem
1307 1412 1560 1480 intormatiouem
1579 1410 1667 1479 intel·

162 1533 263 1602 lectus
284 1532 326 1601 ab
349 1532 507 1601 intellecto
530 1538 563 1600 et
586 1532 726 1619 coguito;
749 1531 829 1599 alias
853 1548 982 1620 semper
1005 1529 1197 1616 intelligeret
1219 1546 1324 1608 omne,
1348 1528 1433 1618 quod
1460 1535 1543 1597 esset
1565 1546 1669 1596 esseu-

162 1648 279 1718 tialiter
294 1649 326 1716 in
349 1666 401 1730 ea,
424 1666 499 1717 enm
522 1665 650 1736 semper
673 1648 736 1716 sint
757 1647 818 1716 sini
842 1646 1030 1735 praesentia.
1055 1645 1134 1713 llaec
1158 1650 1265 1713 antem
1287 1645 1467 1712 iulormatio
1490 1664 1552 1712 uon
1576 1650 1624 1711 est
1649 1663 1668 1711 a

162 1766 267 1853 specie
290 1764 463 1833 obstructo
486 1783 505 1832 a
527 1764 683 1845 materia,
707 1764 762 1832 sed
787 1782 945 1853 inpressa
967 1780 1009 1830 ex
1033 1763 1102 1850 ipsa
1126 1760 1171 1830 rei
1196 1760 1414 1829 immaterialis
1436 1762 1581 1829 essentia.

252 1882 297 1950 tu
321 1883 351 1951 8.
376 1881 566 1964 (licendum,
590 1881 675 1972 qiiod
708 1879 789 1948 illud
823 1897 934 1948 rerum
969 1886 1018 1948 est
1040 1878 1081 1946 cle
1105 1878 1209 1966 speeie
1244 1877 1436 1946 omotario
1471 1877 1668 1955 obstructo,

160 2016 244 2087 quae
267 1998 398 2088 quidem
421 1997 620 2066 abstrahitur
644 1996 764 2064 lumine
788 2002 820 2065 et
843 1996 961 2063 virtute
987 1994 1166 2063 intellectus
1181 1995 1318 2081 agentis,
1341 1993 1397 2061 sed
1413 2012 1475 2061 nou
1492 1998 1540 2062 est
1555 2010 1669 2060 rerum

161 2116 203 2183 lle
230 2114 335 2203 specie
358 2132 517 2203 expresso
540 2133 563 2181 a
585 2131 624 2181 re
646 2111 877 2179 imnmterieli.
894 2150 938 2160 -
954 2111 1037 2179 llius
1061 2118 1286 2198 argumentum
1311 2129 1373 2178 unu
1397 2109 1494 2191 valet,
1518 2109 1668 2198 quioniam

161 2230 283 2318 species
305 2236 354 2299 est
377 2246 473 2299 causa
498 2228 704 2316 intelligibilis
724 2224 903 2316 formulie,
929 2228 1108 2296 intellectus
1130 2235 1237 2296 antem
1262 2226 1423 2317 efficiens,
1448 2228 1503 2295 sed
1521 2228 1590 2315 ipsa
1605 2228 1670 2294 aul·

163 2364 235 2415 mae
256 2352 373 2415 natura
396 2352 428 2415 et
450 2345 587 2414 essentia
609 2345 701 2433 quasi
737 2342 937 2432 originalis,
969 2343 1158 2432 supposito,
1183 2344 1269 2432 quod
1303 2345 1461 2432 potentiae
1496 2342 1595 2411 llnaut
1631 2342 1672 2410 ult

162 2461 309 2530 essentia.

252 2576 297 2645 ld
320 2580 352 2645 tl.
374 2576 563 2658 dicendum,
586 2576 688 2665 qinod,
711 2583 749 2645 ut
771 2575 893 2645 dictum
917 2582 966 2644 est
988 2593 1088 2663 supra
1111 2576 1142 2644 iu
1166 2574 1229 2643 alio
1251 2574 1489 2662 argumeut0⁸‚
1523 2574 1671 2663 quamuis

163 2692 271 2760 anima
293 2692 335 2760 sit
356 2692 415 2761 sibi
441 2691 619 2771 simillima,
643 2692 743 2760 imroo
765 2710 827 2759 uon
852 2691 979 2774 similis,
1003 2692 1058 2760 sed
1082 2690 1193 2759 eadem
1219 2693 1250 2759 iu
1275 2692 1397 2760 ratione
1413 2691 1538 2759 essendi
1555 2692 1621 2760 sire
1639 2692 1669 2757 iu

164 2809 285 2877 ratione
315 2809 423 2887 entim
459 2816 563 2877 amen
587 2808 687 2887 sierrt,
711 2807 789 2876 dum
813 2827 875 2876 uon
899 2826 933 2876 se
957 2808 1091 2895 cogitat,
1114 2807 1207 2895 louge
1230 2815 1279 2877 est
1301 2826 1320 2874 a
1343 2826 1377 2877 se
1405 2808 1436 2876 iu
1466 2808 1588 2876 ratione
1623 2826 1672 2874 ro

162 2922 372 3011 pnmcioilic,
396 2924 440 2992 ita
462 2924 522 2994 sibi
546 2924 685 3013 quodam
709 2924 805 2992 modo
828 2924 992 2993 dissimilis
1015 2928 1076 2992 est:
1099 2931 1131 2992 et
1155 2923 1226 2992 ideo
1247 2931 1373 3011 oportet
1404 2924 1464 2991 sini
1487 2922 1670 2991 assimilari,

166 3039 366 3109 Assimilatur
388 3048 496 3111 autem
512 3041 588 3123 sibi,
604 3040 682 3109 clnm
706 3042 909 3128 semetipsam
934 3041 1094 3129 cognoscit
1106 3058 1165 3128 per
1180 3040 1422 3109 similitudinem
1438 3057 1527 3109 exse
1543 3057 1673 3126 expres

165 3172 234 3223 saru
259 3156 290 3224 in
313 3157 381 3225 acie
403 3157 453 3225 sni
478 3174 513 3227 se
535 3157 710 3245 cogitantis

254 3270 298 3342 to
326 3275 377 3341 10.
400 3272 587 3355 dicendum,
610 3273 696 3362 quod
721 3273 856 3342 veroum
880 3273 1145 3343 commentatoris
1168 3292 1227 3363 pro
1250 3280 1338 3342 tauto
1361 3280 1464 3361 potest
1486 3272 1605 3341 habere
1622 3290 1673 3339 re-

173 3389 319 3471 ritatem,
340 3390 416 3478 quia
438 3389 589 3458 balneum
614 3406 667 3458 res
690 3388 863 3458 artificialis
886 3398 951 3471 est;
974 3391 1055 3471 ideo,
1077 3391 1211 3459 esclusa
1235 3390 1378 3471 materia,
1398 3408 1459 3457 nou
1485 3388 1580 3457 hahet
1603 3406 1672 3456 esse

168 3505 231 3573 nisi
253 3505 285 3572 in
308 3506 415 3573 anima
438 3504 579 3574 artificis.
593 3543 637 3555 —
650 3504 746 3591 Qnoit
767 3514 880 3573 earnm
902 3504 1034 3587 obiicit,
1057 3506 1144 3595 qrrorl
1168 3513 1244 3575 tuuc
1261 3512 1403 3574 moueret
1419 3514 1456 3573 ut
1470 3524 1573 3594 operis
1589 3512 1620 3572 et
1637 3510 1673 3571 ut

165 3621 267 3708 finit:
288 3628 375 3705 esto,
398 3629 588 3691 tamennon
613 3630 757 3691 moueret
779 3630 816 3690 ut
838 3622 942 3690 torma
966 3623 996 3691 iu
1021 3623 1142 3691 ratione
1159 3622 1275 3691 obiecti
1289 3621 1519 3713 roprrnscililir
1534 3620 1594 3688 uisi
1612 3637 1671 3707 per

165 3738 306 3827 speeiem
329 3755 372 3807 ex
397 3737 451 3806 illa
474 3737 577 3806 torma
599 3754 786 3827 expressam
799 3764 809 3820 ;
831 3738 879 3807 sic
902 3738 974 3807 dico
996 3738 1027 3806 iu
1051 3739 1223 3827 proposito.

255 3853 301 3923 ld
328 3856 379 3923 lt.
403 3853 593 3935 dicendum,
617 3853 703 3942 quod
728 3853 908 3923 intellectus
932 3851 1028 3922 tebet
1051 3855 1185 3923 lormam
1210 3870 1301 3923 suam
1325 3863 1358 3923 et
1379 3854 1509 3941 recipit,
1533 3853 1588 3921 sod
1621 3853 1675 3920 ali·

166 3978 217 4038 ter
238 3976 271 4039 et
292 3969 386 4041 aliter
400 3969 421 4035 ⁴.
445 3966 552 4039 natet
572 3969 658 4038 enirn
681 3988 752 4038 eam
777 3970 807 4038 iu
832 3971 953 4039 ratione
977 3972 1060 4040 eutis
1083 3971 1149 4039 sire
1180 3972 1402 4059 perfectibilis,
1418 3977 1449 4039 et
1482 3971 1543 4040 lroc
1579 3970 1674 4038 mollo

168 4104 232 4154 uon
256 4086 369 4176 recipit
377 4111 386 4171 3
409 4104 472 4156 nou
495 4086 722 4155 hebetantem
747 4104 835 4167 earu,
861 4087 958 4154 immo
981 4087 1100 4175 recipit
1123 4087 1154 4154 iu
1179 4088 1299 4155 ratione
1322 4087 1436 4155 obiecti
1459 4093 1532 4155 actu
1549 4103 1676 4153 moren-

167 4203 227 4285 tis;
249 4209 282 4273 et
304 4202 377 4271 ideo
398 4202 440 4271 ad
463 4203 542 4285 noc,
565 4202 649 4291 quod
685 4204 891 4290 semetipsum
926 4211 1111 4289 eognoscat,
1142 4221 1270 4272 necesse
1298 4210 1371 4282 est,
1401 4210 1438 4271 ut
1460 4220 1501 4270 ex
1526 4220 1560 4271 se
1584 4202 1614 4269 in
1638 4220 1673 4269 sc

166 4336 260 4389 suam
283 4317 524 4388 similitudinem
548 4318 719 4407 exprimat.
860 4386 867 4400 ,

259 4434 303 4503 lu
326 4443 553 4525 argumentum
577 4454 637 4523 pro
658 4434 844 4524 opinione⁸2
869 4434 955 4524 quod
979 4434 1059 4505 nihil
1083 4436 1270 4525 intelligitur
1293 4436 1354 4506 uisi
1378 4445 1457 4504 orln
1480 4456 1560 4514 eram
1584 4435 1675 4516 dico,

168 4549 256 4640 quod
278 4550 401 4640 duplex
417 4558 466 4621 est
480 4558 592 4634 actus,
612 4552 760 4641 primns,
777 4553 831 4641 qui
856 4561 1006 4632 estesse,
1023 4560 1054 4622 et
1069 4554 1248 4636 recondite,
1264 4554 1319 4642 qui
1335 4559 1383 4623 est
1398 4552 1544 4641 opernm.
1561 4553 1675 4638 Quium·

167 4668 218 4737 vis
239 4675 347 4736 autem
370 4665 549 4737 intellectus
570 4686 634 4736 nou
657 4669 698 4737 sit
722 4668 753 4737 iu
785 4676 859 4738 actu
889 4668 1055 4750 seconde,
1078 4670 1134 4758 qui
1165 4679 1214 4739 est
1237 4670 1363 4756 operari
1387 4670 1455 4738 sive
1479 4668 1673 4755 intelligere,

168 4782 231 4852 uisi
253 4800 311 4872 per
333 4782 472 4872 speciem
495 4782 747 4872 intelligibilem,
770 4792 818 4853 est
841 4791 947 4854 tamen
970 4793 1043 4854 actu
1067 4802 1125 4855 ens
1148 4792 1302 4874 qurenturu
1327 4783 1367 4853 ad
1390 4793 1496 4853 actum
1510 4784 1675 4872 primunr,

167 4898 225 4988 qui
247 4906 296 4968 est
318 4914 405 4981 ease3
428 4904 459 4969 et
483 4899 554 4968 ideo
577 4906 625 4969 est
648 4899 855 4987 intelligibilis
877 4905 908 4969 et
936 4908 1039 4989 potest
1063 4918 1097 4970 se
1121 4901 1298 4990 intelligere
1321 4920 1379 4990 per
1402 4901 1540 4989 speciem
1570 4920 1673 4970 suain.

169 5014 258 5085 liudo
279 5015 427 5105 quanvis
449 5016 555 5103 primo
576 5032 640 5085 uon
664 5015 817 5105 intelligat
840 5034 874 5085 se
897 5022 971 5085 actu
994 5016 1240 5104 intelligentem,
1263 5017 1409 5104 intelligit
1433 5034 1467 5086 sc
1483 5022 1675 5086 tamenactn

168 5130 371 5200 existentem.

263 5344 272 5382 ¹
290 5346 311 5401 ll
328 5362 373 5416 rc,
394 5352 420 5402 ct
439 5362 500 5403 mox
519 5358 579 5402 autc
596 5345 775 5420 perficientem
794 5346 814 5401 C
833 5346 906 5401 nrlrlit
924 5360 973 5415 se,·
992 5346 1087 5401 ‹lelurte
1105 5347 1125 5402 C
1143 5345 1269 5418 intellipit
1286 5361 1334 5415 pro
1353 5346 1522 5417 intelligitur.

263 5444 275 5482 ¹
295 5446 426 5515 lutelllge:
446 5452 550 5515 practer
567 5448 694 5501 rollonem
714 5448 738 5499 iu
758 5444 919 5514 opponendo
938 5449 1110 5514 propositum.

260 5542 378 5613 ’Supra
397 5560 458 5613 pag.
480 5544 546 5611 tlt,
566 5544 599 5598 ull
621 5546 643 5597 l.

263 5639 273 5671 ⁸
293 5642 313 5697 lt
331 5641 414 5698 aliter
432 5640 523 5710 lubet,
545 5640 625 5699 ulitur
643 5641 759 5714 recepte·
778 5642 873 5698 deiude
894 5659 942 5713 prn
959 5641 1131 5715 perfectibilis
1151 5644 1212 5711 legit
1229 5643 1399 5716 perficientia.

262 5740 274 5777 ⁸
293 5742 371 5809 Quell
388 5744 506 5812 sequitur
523 5750 622 5810 spectm
640 5742 674 5796 nd
693 5742 837 5797 secttmluur
857 5745 983 5796 rutlouem
1002 5744 1104 5809 primun
1122 5744 1253 5809 opinionis
1272 5745 1297 5795 iu
1317 5746 1488 5811 responsione
1508 5759 1569 5811 pug.
1593 5743 1648 5797 liii.

282 5863 313 5908 Dr
328 5863 432 5907 tumme
446 5865 568 5919 cognitionis
582 5866 671 5910 ratione.
1621 5866 1647 5909 lt
