3848 6480
209 394 251 458 ll
762 414 872 461 slsum
896 390 1148 462 oomivusvvnnn

206 554 315 616 causi,
339 546 371 604 et
394 538 435 603 ila
458 538 543 625 (prou
568 539 689 624 prinmo
702 547 753 616 est
769 539 960 626 principium
978 540 1007 605 ln
1025 548 1179 626 qrnmhrm
1205 539 1281 619 ulit,
1308 540 1465 607 secumlae
1491 538 1521 606 in
1546 547 1706 626 ‹prrarutum

204 652 345 729 veritae,
369 659 400 719 cl
425 654 534 720 tertiae
563 654 592 720 in
618 662 772 741 qnantum
798 655 875 720 uita.

295 768 440 836 Christus
463 787 610 857 namque,
635 771 811 839 secumlnm
835 772 920 859 quod
937 772 1005 850 oia,
1022 779 1070 838 est
1087 772 1236 857 nmgistcr
1251 779 1283 838 et
1298 770 1489 858 principium
1508 768 1706 856 cognitionis,

206 903 287 969 (pirae
311 890 359 951 est
382 904 439 971 per
462 885 567 953 fidem.
593 888 672 954 llaec
694 889 778 955 enim
803 888 938 974 cognitio
961 887 1080 975 duplici
1104 889 1155 955 via
1180 888 1326 969 hahetur,
1350 887 1497 955 videlicet
1525 905 1581 972 per
1615 906 1702 951 rere

206 999 362 1066 lationem
385 1008 416 1068 et
441 1020 497 1088 per
520 1002 763 1069 auctoritatae.
788 1004 874 1071 Sicut
897 1004 982 1071 enim
1006 1004 1082 1071 rlieit
1105 1004 1298 1090 lrrgustinns
1330 1004 1363 1072 iu
1385 1002 1467 1069 lihro
1497 1002 1536 1068 cle
1567 1000 1708 1069 Utililate

207 1115 357 1182 oredemli
372 1115 399 1182 ¹:
419 1117 537 1202 «Quod
562 1117 766 1204 intelligimus
790 1118 944 1186 delienms
969 1109 1106 1199 rationi,¹
1122 1120 1207 1206 quod
1232 1118 1394 1186 credimus
1416 1116 1709 1195 artehiritati13au-

207 1232 336 1298 ctoritts
359 1240 466 1298 autom
489 1252 551 1299 non
575 1242 679 1311 esset,
703 1235 762 1301 nisi
787 1235 939 1302 revelatio
963 1236 1203 1322 praecessisset3
1227 1233 1466 1321 propterquod
1490 1231 1631 1299 secunda
1657 1230 1709 1297 l‘e·

210 1346 292 1415 tri2:
318 1346 485 1413 Habemus
506 1348 691 1434 fianta-on
711 1348 942 1437 propheticam
965 1370 1165 1429 sermonem,
1193 1350 1251 1416 cai
1284 1346 1476 1435 hertefacltia
1507 1345 1709 1413 attendentes

208 1464 309 1551 ‹ptavi
331 1463 487 1530 laceratae
502 1463 624 1531 lucenti
646 1465 682 1531 in
705 1465 887 1553 ettlipinoao
911 1466 988 1533 loeo.
1002 1466 1112 1554 lrrqno
1136 1467 1273 1533 insinuat
1297 1464 1531 1533 auctoritatem
1547 1461 1708 1530 sermonis

209 1580 395 1666 prophetici,
411 1587 442 1647 ct
458 1580 612 1648 rationem
636 1582 734 1650 h'nius
758 1583 934 1669 suhiungit:
959 1582 1034 1650 Nou
1057 1583 1145 1649 arim
1169 1582 1335 1648 nolanae
1358 1578 1510 1647 lacaniano
1533 1577 1641 1645 ctlhtta
1663 1585 1711 1644 eat

208 1696 392 1785 aliquando
424 1695 621 1784 prophetia,
652 1699 711 1765 secl
745 1698 876 1785 Spiritu
909 1708 1025 1766 canem
1061 1699 1222 1786 liapheri
1255 1699 1357 1765 locuti
1390 1704 1469 1764 aava
1502 1694 1614 1762 carecti
1648 1694 1713 1761 oet

211 1809 368 1878 laetaniae.

298 1929 377 1995 Cum
403 1928 499 2016 igitur
522 1929 572 1997 his
595 1930 722 1998 dtvahus
746 1931 805 1998 viis
828 1932 987 2018 contingat
1010 1932 1160 2000 devenire
1183 1931 1223 1998 acl
1248 1930 1457 2017 cognitionem
1482 1926 1628 2006 lidelem,
1651 1926 1712 1993 hoo

210 2064 273 2111 non
296 2051 398 2130 potmt
421 2062 490 2113 esse
514 2045 572 2113 nisi
597 2064 655 2132 per
677 2045 839 2114 Christum
864 2048 1021 2125 datorem,
1045 2049 1101 2136 qni
1124 2054 1172 2115 est
1196 2046 1387 2134 principium
1410 2044 1514 2112 omnis
1542 2040 1713 2109 renotatio

210 2161 265 2226 nis
287 2161 462 2228 secundnm
487 2161 660 2229 adventum
683 2162 733 2230 soi
758 2163 787 2229 in
812 2172 967 2243 orantem,
990 2171 1022 2231 ot
1045 2163 1282 2230 hrmanrentum
1306 2161 1410 2229 ornnis
1433 2157 1650 2226 auctoritatis·
1665 2174 1714 2223 so

212 2276 353 2343 eundum
388 2277 561 2345 adveutum
593 2278 640 2346 sui
675 2279 705 2345 in
737 2298 884 2346 earnem.
916 2280 1008 2347 Venit
1038 2287 1144 2347 autem
1170 2280 1422 2346 lamentarent
1452 2274 1511 2342 lux
1536 2270 1713 2341 revelation

211 2392 355 2459 omniurn
379 2392 614 2480 prophetalium
640 2394 815 2477 visionum,
839 2396 1015 2463 seeundum
1041 2395 1119 2462 illud
1144 2394 1281 2462 Danielis
1304 2390 1445 2461 secvtndo
1469 2389 1498 2456 ⁸:
1523 2390 1597 2477 lpse
1624 2406 1714 2455 reae·

214 2507 262 2575 lat
281 2506 457 2594 prestanda
480 2517 511 2576 et
532 2508 728 2577 abacoralita
751 2518 781 2577 rt
803 2510 893 2577 evenit
910 2510 945 2577 io
970 2509 1109 2577 tenebris·
1132 2508 1328 2586 eortate'tata,
1352 2517 1381 2575 et
1397 2506 1457 2573 lua
1480 2524 1556 2573 cum
1580 2522 1616 2570 eo
1640 2511 1714 2580 eat‚·

214 2625 271 2691 lux
298 2625 417 2693 scilicet
432 2624 558 2693 divinae
575 2626 761 2712 alpientiao,
785 2644 867 2714 quae
890 2626 1035 2696 Christus
1051 2633 1116 2706 est,
1129 2625 1306 2694 secundum
1324 2622 1403 2692 htuu
1420 2620 1543 2690 loannis
1558 2626 1671 2687 octavo
1687 2618 1713 2684 ⁴:

215 2742 284 2828 Epo
306 2761 383 2808 sant
407 2740 467 2807 luo
489 2742 624 2819 melodi:
648 2744 708 2831 qni
720 2744 871 2832 aepra'tm·
887 2764 939 2810 me
953 2765 1020 2811 eron
1035 2741 1187 2811 ‹tnthalat
1206 2742 1241 2808 ia
1258 2739 1416 2819 tenebrae,
1432 2747 1483 2806 et:
1503 2736 1588 2804 llam
1605 2733 1715 2801 lacem

215 2855 356 2936 imbelle,
379 2856 501 2923 cratia
524 2858 559 2924 th
584 2857 704 2939 haema,
721 2868 758 2925 ut
772 2858 838 2945 lilii
852 2859 937 2926 lueis
959 2859 1051 2938 sitim
1074 2859 1166 2946 quia,
1191 2858 1273 2925 sicut
1287 2854 1405 2924 dicitur
1422 2854 1452 2921 in
1469 2854 1598 2920 loanne:
1617 2848 1716 2918 Dedit

214 2973 262 3040 eis
280 2982 471 3061 potestatem
492 2974 580 3060 filio-v
604 2966 669 3043 Det'
688 2976 775 3062 fieri,
799 2973 851 3042 his
887 2975 946 3065 pai
968 2975 1108 3042 ereclrmt
1132 2975 1167 3040 ia
1192 2972 1322 3039 vrorrairte
1345 2971 1426 3039 citra.
1451 2969 1523 3037 Sine
1546 2960 1606 3035 h'ao
1632 2966 1715 3045 luce,

215 3108 298 3176 qivate
319 3089 464 3158 Christus
480 3098 538 3172 est,
554 3110 647 3159 neruo
669 3098 772 3179 potest
787 3098 986 3160 sacramenta
1001 3090 1073 3158 huet
1091 3096 1267 3176 penctrare.
1284 3088 1415 3173 Propter
1430 3084 1515 3172 qnml
1536 3080 1717 3169 Sapientiae

216 3205 342 3272 nonn‘:
359 3206 448 3273 ,llitte
471 3206 565 3273 illam
588 3206 743 3294 (lorpritur
767 3206 807 3274 de
831 3206 1001 3294 Sapientia)
1025 3206 1064 3271 cle
1086 3204 1176 3272 ecreto
1199 3212 1316 3270 ..sancto
1340 3210 1396 3269 tao
1419 3212 1448 3267 et
1471 3219 1495 3266 a
1517 3198 1592 3265 aerle
1614 3194 1718 3263 maie

215 3321 314 3389 stalis
337 3331 423 3403 tuac,
447 3331 485 3389 ut
506 3342 635 3390 erucam
658 3323 703 3390 ait
724 3332 754 3390 et
775 3343 904 3390 tetecum
928 3321 1063 3401 laboret,
1086 3330 1124 3387 at
1146 3320 1253 3387 action
1278 3318 1360 3408 poia
1374 3323 1546 3404 (acceptam
1561 3313 1605 3381 rit
1621 3311 1719 3399 aptat

218 3445 255 3504 te.
281 3439 363 3523 Quia
385 3439 473 3505 enim
496 3438 591 3506 lrotao
611 3448 716 3526 potest
737 3440 824 3508 scire
847 3439 1023 3507 aortvih'rmt
1047 3437 1119 3517 Del,
1145 3445 1207 3504 ara
1229 3435 1304 3525 prtia
1324 3440 1428 3521 porea
1452 3428 1721 3519 reparantem

216 3554 292 3620 nolit
316 3556 418 3631 Deris,
443 3573 545 3642 nsque
569 3556 627 3623 ihi:
650 3576 785 3623 aenaeam
810 3565 905 3623 trram
921 3562 979 3623 eto.
1006 3556 1048 3622 Ex
1074 3573 1139 3641 qno
1163 3553 1258 3620 clatnr
1280 3548 1428 3635 intelligi,
1453 3544 1538 3635 qnod
1570 3562 1632 3613 non
1664 3562 1721 3631 po-

217 3677 277 3737 test
299 3670 459 3757 perveniri
482 3670 522 3738 ad
546 3677 664 3739 certam
682 3671 754 3740 lldei
777 3670 1000 3739 revelationem
1026 3669 1085 3737 nisi
1106 3687 1163 3755 per
1186 3668 1358 3736 adventum
1383 3662 1497 3731 Christi
1519 3662 1549 3729 in
1565 3668 1720 3728 avertem.

307 3784 397 3852 Venit
420 3785 514 3853 otiam
539 3787 570 3854 in
594 3806 730 3855 earnem
753 3794 790 3854 nt
813 3787 946 3854 verlmm
971 3785 1214 3873 approbativum
1243 3781 1385 3849 omnium
1415 3776 1649 3867 prophetalium
1679 3776 1724 3843 lo

218 3901 399 3983 euti0num3
422 3903 460 3969 ml
487 3903 680 3971 llehraeos⁶:
706 3900 893 3990 ,llaltisarie
914 3902 1090 3992 rtarlltivpue
1113 3901 1220 3968 retortis
1243 3907 1301 3968 otc.
1326 3898 1407 3984 Quia
1429 3897 1514 3965 enim
1539 3896 1606 3983 ipse
1629 3894 1724 3962 Chri·

219 4021 288 4083 stus
310 4024 358 4084 cst
373 4034 479 4085 sermo
502 4019 602 4086 lhtvis
618 4020 732 4107 plenus
744 4029 913 4107 potestate,
931 4018 1107 4087 secundum
1133 4017 1210 4085 illud
1230 4015 1433 4083 Ecclesiasme
1454 4013 1574 4081 nooo⁷:
1601 4010 1731 4079 Sermo·

220 4128 311 4198 illinc
330 4142 487 4218 potestate
506 4134 625 4222 plantae
640 4144 705 4214 avt,
723 4156 779 4202 lica
795 4136 907 4215 elicere
918 4134 950 4202 el
960 4143 1065 4221 pateat
1080 4133 1174 4223 (prtia,
1198 4151 1304 4222 pretore
1324 4130 1372 4197 ita
1387 4126 1498 4216 sacia?
1514 4128 1583 4215 lpse
1598 4125 1724 4195 eliam·

219 4256 268 4316 est
290 4268 396 4317 serino
426 4250 541 4336 plenus
564 4252 713 4332 vora'tate,
738 4253 834 4319 immo
864 4251 933 4337 ipsa
962 4250 1094 4330 veritas,
1122 4249 1298 4317 secundom
1331 4245 1408 4313 illucl
1441 4242 1564 4311 loannis
1594 4242 1727 4311 decium

311 4537 318 4572 ¹
340 4536 402 4605 Cap.
427 4541 465 4592 ll.

311 4638 322 4672 ²
342 4637 404 4705 Cap.
430 4641 455 4703 l,
480 4640 527 4703 ro,
546 4648 571 4693 ct
591 4639 663 4691 locus
681 4653 794 4705 sapiens
814 4653 838 4689 v.
860 4638 901 4689 2l.
921 4663 956 4675 -
975 4636 1000 4687 ln
1020 4635 1078 4687 coil.
1098 4634 1171 4687 ‹lccat
1190 4630 1289 4687 luecvth'
1307 4640 1367 4697 pom
1386 4627 1520 4685 lucernae.

311 4736 322 4771 ³
343 4738 416 4790 l'mm.
436 4739 478 4789 Ἡ.

311 4834 322 4870 ⁴
342 4837 415 4889 l'crs.
438 4837 476 4889 ta.
497 4837 556 4889 Loci
576 4836 643 4902 cluo,
663 4837 707 4903 qrri
727 4841 889 4903 sequnntur,
909 4842 970 4886 sunt
988 4831 1050 4884 lhhl.
1070 4847 1092 4883 c.
1118 4831 1164 4895 te,
1184 4831 1226 4881 36.
1246 4838 1272 4881 ct
1295 4829 1315 4891 l,
1340 4828 1378 4878 rt.

312 4934 324 4969 ⁵
343 4937 416 4988 ch.
441 4937 577 5003 litusque
599 4950 624 4987 v.
655 4935 693 4987 17.
720 4935 844 4999 erlgntn:
863 4933 932 4985 llitto
950 4933 1019 4983 illum
1038 4930 1072 4982 ‹le
1091 4930 1168 4981 ctaclis
1187 4928 1282 4981 satiatis
1301 4928 1352 4980 tuis
1370 4930 1396 4977 nt
1414 4940 1429 4976 a
1448 4922 1512 4977 sodo
1531 4924 1734 4989 irroguituclinis

224 5042 295 5099 tuoe,
315 5039 368 5086 ut...

312 5130 405 5196 lCap.
428 5132 453 5195 l,
477 5132 497 5183 l.
518 5132 643 5197 Vulgata:
663 5133 824 5184 hlnltilmlam
844 5130 984 5195 multisono
1004 5125 1115 5179 motlis...

313 5231 324 5265 ⁷
344 5231 418 5282 Vcrs.
438 5229 461 5282 l.
483 5231 592 5293 Vulgata
612 5245 661 5296 pro
680 5228 740 5299 pulv
759 5229 821 5295 legit
838 5226 992 5298 qaisquam.

315 5330 327 5367 ⁸
345 5331 409 5383 Cocl.
430 5346 480 5383 uon
501 5330 567 5384 hone
585 5328 664 5383 enim.
