3870 6488
213 355 278 426 iit)
597 373 748 436 ousasrro
771 373 942 427 nvsvomrn
965 376 1013 425 rs.
1039 374 1160 426 nooaun
1183 375 1319 426 amonim.

301 499 381 570 iiaec
405 498 523 570 idcirco
546 499 698 583 dixerim,
714 497 799 590 quod
816 499 958 588 quidam,
981 499 1199 589 philosophico
1214 506 1342 570 nectare
1357 497 1513 583 inebriati,
1535 499 1709 590 praedictis

211 616 388 687 rationibus
403 623 554 706 tanquam
572 616 895 687 demonstrationibus
917 617 1085 687 innitentes
1107 624 1239 705 negant,
1254 616 1449 687 intellectum
1465 626 1613 706 agentem
1638 637 1712 687 esse

211 733 316 802 iucem
339 733 491 822 primam,
506 740 538 804 ot
553 751 663 804 omnes
685 733 889 803 auctoritates
911 732 1075 820 Augustini
1099 733 1139 802 de
1163 733 1234 803 lucc
1258 733 1507 803 incommutabili
1531 739 1564 802 et
1587 733 1712 822 regulis

210 849 349 918 aeternis
370 849 411 919 ad
435 868 566 919 sensum
589 869 685 920 suum
708 848 908 938 intorquent,
930 849 1035 919 Sancti
1055 849 1232 920 doctrinam
1256 850 1488 932 subvertentes,
1511 849 1595 920 sicut
1618 869 1712 939 supe

212 965 299 1035 riora
321 966 531 1037 manifestant

212 1235 330 1293 biblioth.
350 1236 490 1292 Naticmlis
507 1237 667 1305 Florentiae,
685 1239 753 1304 sign.
773 1237 815 1292 27.
834 1236 864 1292 b.
885 1236 909 1292 i.
929 1237 939 1306 (
949 1237 991 1292 toi.
1007 1235 1048 1292 tt.
1062 1242 1152 1306 recto,
1171 1237 1220 1291 coi.
1234 1238 1259 1290 2.
1270 1234 1289 1304 l.
1303 1235 1386 1290 Solvit
1404 1233 1439 1291 ibi
1458 1236 1509 1290 boc
1520 1241 1711 1303 argumentum

212 1333 441 1389 dvertoistarum:

306 1432 469 1488 «Numerata
497 1433 641 1488 substantia
669 1435 840 1502 intellectiva,
869 1441 1022 1490 numerator
1049 1434 1113 1490 iliud
1140 1449 1188 1502 per
1214 1434 1288 1504 quod
1313 1434 1489 1501 intelligimus,
1508 1434 1570 1502 quia
1595 1447 1625 1486 se
1652 1434 1711 1499 ipsa

213 1531 298 1585 virtus
316 1531 471 1586 intellectiva
490 1533 615 1599 intelligit
634 1533 661 1586 Si
679 1539 768 1588 autem
786 1538 939 1587 numeratur
956 1532 1021 1587 iilud
1040 1545 1089 1600 per
1106 1532 1180 1602 quod
1197 1532 1380 1599 intelligimus,
1400 1530 1562 1599 impossibile
1574 1537 1622 1597 esi,
1636 1530 1712 1599 quod

213 1627 311 1681 diversi
330 1642 414 1682 unum
433 1629 547 1683 elidem
566 1636 592 1684 ct
609 1630 704 1683 eodem
723 1629 804 1684 modo
822 1631 980 1698 intelligant;
1000 1630 1072 1700 quod
1091 1632 1242 1686 cstiaisom
1260 1636 1392 1685 utcontra
1411 1630 1439 1683 B.
1459 1630 1673 1697 sogdeanum».

302 1724 343 1779 dd
362 1725 434 1794 quod
453 1728 491 1780 sic
510 1726 669 1794 respondet:
692 1727 878 1794 «Dicendum,
898 1729 971 1797 quod
989 1730 1011 1783 si
1029 1729 1142 1783 eandem
1161 1731 1297 1783 veritatem
1316 1730 1515 1796 cognoscimus,
1529 1729 1580 1781 boc
1599 1742 1651 1780 non
1671 1734 1712 1779 est

215 1824 263 1877 nisi
282 1822 375 1879 eadem
394 1823 453 1880 luce
470 1826 601 1893 murno,
622 1839 677 1881 nova
692 1840 743 1896 per
760 1825 873 1882 eandm
892 1824 947 1882 uim
964 1830 1100 1895 creumm,
1115 1825 1331 1884 aedincrcotam.
1346 1825 1568 1881 istaiuxaetema
1582 1826 1711 1879 inanima

212 1918 308 1975 dieitur
326 1922 470 1976 intellectus
487 1936 577 1989 agens,
597 1924 656 1978 licet
673 1937 734 1978 cum
748 1925 798 1977 boc
809 1924 897 1977 auimo
910 1923 1005 1978 babeat
1016 1925 1130 1993 aliquam
1144 1922 1232 1979 lucam
1243 1925 1371 1979 mmmm
1385 1923 1461 1978 Unde
1471 1925 1536 1977 baec
1548 1923 1591 1976 iux
1604 1927 1712 1976 aeterna

213 2018 308 2074 dicitur
326 2021 451 2075 irradiare
477 2036 558 2089 sopra
585 2023 742 2077 intellectum
762 2023 914 2089 possibilem
932 2030 957 2078 ot
975 2024 1040 2077 baec
1058 2022 1191 2076 irradiatio
1209 2037 1261 2076 non
1280 2028 1320 2077 est
1337 2022 1408 2076 uliud
1426 2023 1475 2075 uisi
1494 2022 1555 2089 quia
1574 2021 1635 2074 iacit
1654 2021 1712 2087 [vo

213 2119 338 2175 eubulum
356 2136 471 2190 sequeris
489 2137 540 2176 nou
559 2124 695 2190 potuimus
713 2123 811 2190 legere]
831 2123 904 2191 guod
930 2137 973 2177 res
1000 2125 1025 2176 in
1053 2137 1100 2176 sua
1124 2124 1236 2188 nuriute
1253 2126 1280 2175 et
1297 2121 1451 2176 certitudine
1469 2120 1551 2188 possit
1568 2118 1604 2172 ab
1621 2120 1712 2172 anima

213 2219 271 2271 alva
288 2218 417 2274 intellectu
437 2222 568 2287 cognosci.
587 2219 652 2274 liam
671 2220 798 2289 quamdiu
817 2235 860 2274 res
878 2226 917 2273 est
935 2219 986 2273 sub
1005 2219 1197 2274 conditionibus
1209 2221 1332 2273 materiam
1343 2217 1552 2286 etampeudlclis,
1563 2231 1616 2272 nou
1628 2217 1714 2270 scitur

214 2316 442 2385 certitudinullter,
461 2319 508 2372 scd
532 2318 638 2388 quando
657 2318 802 2387 depuratus
820 2323 846 2372 et
863 2319 981 2373 clarescit
999 2319 1057 2370 eius
1074 2318 1219 2384 certitudo,
1239 2325 1300 2371 lunc
1319 2331 1382 2371 vere
1399 2317 1480 2370 scitur
1490 2331 1498 2382 ;
1515 2320 1542 2369 et
1553 2315 1604 2369 boc
1616 2313 1647 2367 iit
1659 2328 1713 2368 mo

215 2412 301 2468 diante
320 2415 360 2468 iiia
379 2415 472 2470 luce».

303 2511 402 2566 Eodmn
420 2513 501 2568 modo
519 2508 642 2584 loquendi
665 2514 700 2570 de
728 2514 856 2569 intellecto
881 2519 975 2582 agente
1003 2514 1099 2580 ultim,
1128 2527 1208 2583 qoem
1235 2511 1314 2568 babet
1337 2512 1405 2566 toan.
1433 2510 1580 2566 Pecbamus
1607 2510 1713 2580 (supra

215 2625 276 2678 pag.
297 2610 343 2664 idi
358 2611 376 2678 ).
