3870 6488
591 1133 900 1220 SERAPHIOI
928 1133 1211 1222 DOOTORIS

233 1374 625 1543 errori
701 1373 1539 1544 Berrvur'ruetn

552 1705 862 1885 oumeuo
894 1707 1247 1823 uterorum

448 1968 499 2036 ott
522 1967 763 2036 coortutottts
786 1967 961 2037 utrumne
983 1968 1153 2037 sueretu
1176 1968 1348 2037 RATiONE.

240 2695 425 2786 supposito,
449 2695 534 2784 quod
558 2695 696 2764 rationes
719 2702 867 2763 aeternae
894 2694 957 2767 sint
980 2694 1108 2764 realiter
1143 2694 1367 2764 indistinctae¹
1392 2694 1423 2762 in
1446 2695 1553 2764 diriua
1575 2702 1645 2764 arte

149 2815 217 2885 sire
240 2816 438 2902 cognitione,
462 2814 645 2904 quaeritur,
669 2822 779 2883 utrum
805 2808 867 2882 sint
891 2814 1029 2883 rationes
1051 2813 1258 2901 cognoscendi
1282 2814 1312 2881 in
1328 2814 1415 2881 omni
1431 2811 1644 2881 certitudiuaii

149 2931 345 3018 cognitione:
371 2930 432 3001 noe.
454 2938 502 2999 est
523 2910 697 3019 orreorum,
721 2938 832 2999 utrum
856 2930 1012 3020 quidquid
1029 2928 1154 2999 seitur'
1170 2948 1190 2997 a
1204 2928 1295 3000 nobis
1309 2926 1581 3007 certitudinaiiter,
1597 2944 1645 2994 eo

147 3055 319 3133 gnosoatnr
342 3047 373 3116 in
398 3047 476 3136 ipsis
498 3047 674 3116 rationibus
696 3047 842 3116 aeternio

241 3164 277 3233 Et
298 3164 387 3252 quod
409 3165 470 3247 sie,
493 3148 621 3233 videtur
643 3162 844 3232 onetoritote
866 3162 1045 3253 multipiici.

242 3282 270 3348 t.
294 3280 489 3369 Augustinus
512 3280 553 3349 de
576 3280 725 3368 Magistro
738 3278 771 3349 ¹:
804 3279 880 3348 «De
901 3280 1077 3360 univorsis,
1100 3297 1183 3369 qnae
1198 3276 1421 3365 inteiligimm,
1441 3295 1502 3345 non
1519 3272 1647 3363 toquen-

149 3402 232 3478 tem,
256 3396 309 3484 qui
336 3404 486 3484 personat
507 3396 599 3479 ioris,
622 3396 678 3466 sed
702 3396 788 3465 intus
812 3394 870 3485 ipsi
886 3374 990 3465 ⁸menti
1007 3395 1238 3485 praesidentem
1256 3394 1454 3463 consulimus
1468 3397 1643 3461 veritatem.

147 3511 202 3579 iiie
226 3520 357 3593 autem,
380 3512 434 3600 qui
464 3512 664 3595 consulitur,
687 3512 794 3592 docet,
822 3512 876 3600 qrri
912 3512 943 3579 in
968 3511 1120 3580 interiore
1144 3510 1271 3579 homine
1294 3509 1438 3579 habitare
1461 3509 1566 3577 dietus
1599 3514 1648 3575 est

147 3626 309 3709 christoe,
333 3626 601 3696 incommutabilis
623 3627 679 3696 Dei
704 3628 806 3696 virtus
828 3634 860 3695 et
882 3627 1036 3715 sapientia
1057 3627 1267 3715 sempiterna,
1281 3644 1378 3715 quam
1394 3625 1525 3713 quidem
1540 3624 1644 3692 onmia

147 3742 309 3812 rationalis
328 3742 434 3811 anima
457 3740 593 3812 consutit
608 3772 639 3810 ·.

236 3862 267 3927 i.
290 3858 384 3941 ium,
407 3858 491 3927 idem
508 3859 549 3928 do
565 3859 646 3929 Vera
669 3858 827 3946 Religione
843 3859 870 3926 ⁴:
903 3862 1083 3947 «Apparet,
1106 3876 1205 3947 supra
1229 3864 1365 3926 mentem
1381 3836 1522 3926 nostram
1540 3853 1640 3943 legem

145 3990 233 4057 eree,
256 3992 338 4063 quae
362 3974 480 4045 veritae
502 3974 637 4058 dicitur3
659 3994 717 4045 neo
738 3975 800 4045 iam
824 3974 904 4045 iliud
927 3983 976 4045 est
997 3974 1242 4061 ambigendum,
1271 3972 1560 4043 inormmutebitem
1589 3991 1641 4039 nu·

234 4237 244 4269 ¹
263 4242 285 4296 D
302 4242 324 4296 tt
342 4240 458 4297 indebite
475 4244 595 4297 omittunt
614 4240 791 4309 indistinctae,
812 4256 861 4310 oro
879 4256 934 4312 quo
952 4242 973 4296 d
992 4242 1056 4295 miso
1074 4238 1222 4299 «intinctae.
1241 4240 1361 4295 ttondit
1375 4237 1416 4296 eet
1433 4253 1482 4308 pru
1500 4238 1562 4307 rire,
1581 4248 1641 4306 nost

147 4338 221 4408 quod
239 4338 258 4392 u
276 4342 369 4407 repetit
386 4338 424 4395 tn.

209 4444 213 4451 '
237 4434 248 4465 ¹
267 4435 386 4493 Verbum
404 4436 492 4493 oritur
503 4438 616 4505 ooeiptus
629 4440 655 4491 tu
667 4452 745 4492 sensu
765 4438 885 4506 largiore,
904 4451 984 4507 quem
1004 4437 1118 4491 tndteont
1136 4442 1157 4491 Α
1176 4437 1196 4490 Β
1214 4437 1234 4490 E
1252 4436 1381 4502 tegentes:
1398 4439 1493 4491 ntntm
1512 4434 1642 4507 enodetis!

145 4532 371 4592 cermonnnttor
387 4535 561 4605 mendacitate*
577 4534 704 4602 anubin
717 4550 778 4590 nom
791 4537 813 4589 si
827 4537 852 4589 iu
866 4550 945 4590 seusu
959 4537 1047 4594 etritto
1060 4537 1170 4602 noctuis,
1184 4534 1341 4589 adverbium
1354 4531 1578 4589 contundentem
1595 4548 1639 4587 su·

145 4634 278 4701 perunum
296 4639 349 4701 est,
368 4647 430 4687 oum
449 4634 475 4687 tu
495 4635 545 4688 troc
562 4648 641 4688 seusu
660 4635 766 4688 oriende
785 4636 818 4686 sit
835 4634 950 4700 cognitio
967 4640 1037 4688 oertn
1055 4639 1081 4687 et
1098 4632 1208 4686 euidens
1227 4647 1276 4700 per
1293 4646 1394 4686 causon
1413 4630 1464 4686 Cir.
1494 4633 1596 4687 drtstot
1622 4632 1638 4685 t.

145 4734 242 4788 Portet.
261 4744 284 4787 o
303 4731 417 4800 a-t‘,
435 4732 540 4787 orntssts
559 4732 648 4786 verbio
665 4730 856 4799 praeambulis,
877 4730 1027 4784 immediate
1045 4744 1060 4784 e
1078 4732 1230 4799 quaestione
1249 4731 1352 4797 induit:
1365 4727 1529 4796 Quoeritnr,
1544 4731 1639 4783 utrum

143 4828 274 4903 ordonii
299 4828 386 4887 tritor
408 4827 520 4886 otrodo
538 4827 781 4896 certitudinotiter,
801 4830 983 4900 eoononootnr
999 4833 1057 4895 eto,
1076 4829 1102 4882 tn
1121 4840 1175 4898 qno
1193 4827 1284 4882 oodtee
1301 4829 1380 4881 ettam
1399 4826 1478 4905 ponto
1497 4831 1558 4894 oon
1574 4825 1641 4880 dest·

147 4928 273 4984 demutor
290 4927 372 4983 verne
390 4926 554 4986 anctoritate
571 4925 720 4997 mottiptioi

236 5023 247 5054 ⁸
265 5024 329 5095 Ceu.
349 5026 391 5080 tt.
411 5040 436 5080 n.
457 5027 499 5081 ³8.
511 5024 580 5080 -C
595 5031 657 5096 post
669 5024 839 5096 denuntient
857 5024 931 5079 oddtt
949 5021 1025 5080 titre.
1045 5022 1071 5077 in
1085 5025 1143 5092 tneo
1161 5028 1230 5078 textu
1249 5024 1270 5077 G
1289 5035 1404 5091 pronon
1416 5021 1578 5094 tuomum,
1593 5021 1642 5093 oni

141 5126 271 5195 pertenet
287 5122 358 5195 {orie
375 5125 447 5192 pontt
465 5136 522 5179 non
540 5121 677 5195 monento
694 5121 802 5194 quiden
817 5135 952 5193 perronae
969 5120 1047 5193 (orio,
1068 5137 1084 5177 e
1102 5136 1155 5191 que
1174 5123 1282 5177 teodone
1300 5120 1323 5175 Ι)
1341 5121 1360 5173 F
1379 5122 1405 5174 tn
1423 5135 1457 5175 eo
1475 5124 1576 5176 tontum
1603 5121 1640 5174 dt·

142 5229 272 5290 vergunt,
290 5220 365 5291 quod
383 5221 470 5288 tegant
487 5234 557 5292 onon
574 5234 624 5288 pro
641 5218 766 5291 quidem
784 5218 805 5273 C
824 5218 904 5274 nabet
921 5232 977 5274 non
996 5218 1146 5291 moerentem
1162 5232 1213 5288 per
1229 5230 1310 5274 oenoe
1327 5216 1404 5287 sorni.
1424 5217 1489 5272 [tetn
1508 5218 1527 5272 Ε
1546 5231 1640 5274 oonrn

143 5319 216 5376 tentr
232 5334 282 5390 pro
299 5317 462 5379 nuenton.
480 5318 537 5374 itox
556 5318 715 5385 eropon
731 5316 821 5374 rirttu
838 5319 865 5373 et
881 5323 1003 5385 repetunt
1021 5315 1076 5372 Dei.
1089 5316 1154 5371 Edit
1173 5329 1246 5384 oper.
1265 5316 1375 5384 dogunt
1395 5322 1455 5385 poet
1472 5314 1640 5371 oonrutt'mne

142 5416 282 5473 nerim
299 5416 431 5484 adiungit:
443 5413 532 5472 rendit
542 5413 659 5486 {onom
670 5416 702 5471 ut
712 5413 890 5472 mammonae
906 5412 1044 5473 aunone
1055 5414 1082 5468 in
1094 5413 1115 5469 C
1126 5416 1213 5469 omnta
1226 5416 1388 5482 omittuntur,
1400 5426 1469 5482 quae
1485 5420 1546 5481 post
1556 5412 1639 5468 rertm

141 5511 227 5569 mend
233 5512 430 5583 pinendenam
446 5519 601 5583 sequuntur.

232 5607 324 5679 ⁴0¹1)-
342 5612 386 5665 30.
405 5610 448 5664 at.
468 5625 492 5665 n.
512 5610 555 5665 58.
572 5610 615 5666 57.
629 5610 695 5665 -C
713 5608 887 5681 deauratione
903 5623 953 5677 nro
970 5606 1051 5677 idem,
1072 5608 1124 5662 nti
1143 5606 1290 5677 pontiden
1312 5608 1459 5675 adiungunt
1472 5607 1501 5663 in
1514 5606 1591 5663 tidro.
1611 5607 1637 5661 tu

141 5715 214 5765 textu
233 5711 436 5777 temitanum
463 5710 675 5778 prunorum,-
697 5708 718 5762 (2
745 5706 903 5778 emtionem
923 5708 981 5762 toro
1007 5704 1205 5777 anennoeton,
1226 5714 1252 5759 et
1273 5706 1422 5760 immediato
1446 5716 1522 5773 post,
1541 5710 1637 5761 ornum

252 5830 283 5875 Dr
297 5831 400 5876 nouom
413 5830 535 5889 roontttontt
549 5831 638 5875 notione.
1147 5848 1153 5858 ·
1518 5830 1529 5871 t
