3870 6488
653 1227 1293 1360 PRAEFATIO.

330 2479 551 2589 Opuscula
571 2481 610 2564 S.
632 2481 957 2563 Bonavcnturac
987 2492 1030 2563 ct
1058 2482 1346 2590 complurium
1372 2481 1463 2564 cius
1485 2482 1718 2591 discipulo·

220 2644 328 2721 rum,
350 2644 459 2723 quac
479 2616 523 2696 in
544 2616 626 2697 boc
646 2615 798 2697 libcllo
817 2646 930 2698 nunc
950 2617 1138 2724 primum
1159 2617 1277 2724 typis
1297 2616 1534 2725 traduntur,
1557 2616 1721 2699 dotcxit

222 2760 264 2830 ct
283 2748 607 2830 transcribenda
626 2751 793 2832 curavit
812 2749 858 2831 P.
879 2749 1041 2831 Fidelis
1069 2781 1095 2831 a
1111 2749 1145 2831 F
1147 2780 1279 2857 anna,
1300 2749 1457 2833 Lcctor
1475 2751 1718 2858 theologiae

221 2896 265 2966 ct
293 2882 545 2965 Provinciae
564 2883 754 2966 Vcnctac
783 2882 996 2965 Minorum
1022 2883 1364 2966 llofornratorum
1393 2884 1613 2991 alumnus,
1643 2886 1718 2993 qui

223 3020 398 3100 odcndis
418 3018 457 3102 S.
479 3018 804 3100 Bonavcnturao
824 3017 1026 3127 oporibus
1041 3017 1202 3100 allano
1222 3017 1420 3101 Ministro
1440 3018 1640 3101 Gcncrali
1656 3030 1718 3100 to·

221 3154 307 3234 tius
327 3151 500 3235 Ordinis
528 3151 761 3258 bimorum,
792 3151 838 3233 P.
861 3151 1123 3233 Bernardino
1143 3183 1169 3234 a
1187 3151 1319 3235 Portu
1338 3152 1577 3262 Romatino‚
1599 3181 1719 3261 prac-

222 3285 381 3395 fcctus,
417 3287 519 3368 huic
550 3288 667 3395 opcri
697 3285 959 3394 perficiendo
987 3297 1122 3367 morto
1151 3296 1420 3394 praematura
1450 3287 1500 3368 12
1529 3287 1719 3394 Augusti

223 3422 322 3503 1881
355 3432 526 3530 crcptus
569 3432 644 3502 ost.
676 3419 807 3502 Plura
843 3420 896 3501 do
937 3421 1066 3501 buius
1096 3422 1176 3501 viri
1215 3422 1380 3502 rncritis
1417 3430 1460 3502 ct
1495 3421 1717 3503 immensis

221 3554 441 3636 laboribus
470 3556 659 3636 diximus
701 3555 746 3635 in
789 3552 1060 3635 Praefationo
1089 3554 1279 3658 rrcncrali
1318 3555 1371 3637 ad
1402 3553 1543 3663 Opcra
1569 3556 1720 3637 omnia

220 3687 260 3771 S.
290 3689 653 3771 Bonavonturao⁴.
701 3688 821 3770 Idam
851 3687 898 3770 P.
928 3687 1090 3770 Fidclis
1119 3700 1283 3797 partem
1313 3689 1598 3798 principalem
1627 3689 1713 3770 dis-

219 3833 393 3931 putatae
422 3824 685 3932 quaestionis
713 3822 752 3905 S.
775 3821 1116 3931 Bonavcnturac,
1146 3852 1255 3932 quac
1275 3853 1391 3904 nunc
1413 3823 1581 3927 intcgra
1599 3823 1717 3904 cxbi-

218 3956 363 4066 batur,
395 3957 565 4039 collat-is
584 3956 722 4038 trilms
742 3956 983 4073 codicibus,
1014 3958 1098 4038 iam
1120 3957 1257 4039 cdidit
1275 3968 1319 4039 ct
1343 3956 1464 4038 brcvi
1484 3959 1718 4066 praemissa

217 4091 586 4172 anirnadvorsionc
623 4121 766 4172 voram
803 4093 1060 4172 scntcntiam
1102 4089 1322 4199 Scrapbioi
1352 4089 1548 4173 Doctoris
1577 4092 1714 4201 expli-

218 4226 334 4306 cavit
362 4226 406 4305 in
436 4253 512 4307 suo
540 4224 652 4306 libro
681 4224 804 4306 Rata
832 4253 952 4306 noaoc
983 4224 1233 4307 Collccb'onis
1260 4225 1432 4307 oninium
1461 4253 1619 4335 oporam
1647 4224 1715 4309 Se·

217 4358 576 4469 r·a-pldciDorloris
596 4370 663 4439 otc
673 4359 697 4440 ².
718 4408 772 4418 —
790 4360 829 4440 A
849 4388 936 4440 non
956 4360 1105 4468 paucis
1125 4359 1228 4440 viris
1249 4359 1426 4440 cruditis
1445 4358 1714 4470 sollicitatus,

218 4505 266 4575 ut
293 4492 461 4602 publici
491 4494 595 4575 iuris
637 4492 797 4574 faccrct
832 4494 1046 4600 intcgram
1084 4495 1396 4602 quaestionem,
1437 4494 1530 4602 ipso
1558 4523 1712 4603 propo-

217 4640 360 4711 sacrat
395 4629 497 4709 huic
536 4628 746 4736 opusculo
783 4627 1018 4731 adiungere
1056 4626 1279 4711 Serra-onom
1312 4629 1449 4737 ipsius
1486 4628 1709 4711 Bonavon·

216 4772 334 4880 turno
382 4762 595 4843 ineditum
625 4792 705 4843 nco
746 4791 833 4842 non
875 4762 981 4843 alias
1024 4762 1357 4869 lucubrationis,
1397 4790 1525 4870 snpor
1563 4762 1711 4844 cadom

217 4897 463 5004 quaestione
508 4925 533 4977 a
575 4895 872 5005 compluribus
916 4896 1109 4978 ciusdem
1158 4896 1385 5004 discipulis
1432 4898 1711 5007 compositas,

216 5040 307 5111 tum
350 5041 400 5110 ut
441 5030 636 5111 doctrina
662 5059 688 5110 a
720 5029 760 5113 S.
798 5029 982 5112 Doctorc
1019 5031 1176 5112 tradita
1213 5030 1369 5112 molius
1403 5031 1711 5141 cxplicarotur‚

215 5175 305 5246 tum
337 5175 385 5246 ut
413 5193 645 5245 consensus
673 5165 844 5246 sclrolac
864 5165 1263 5247 Bonavcntnrianac
1291 5166 1335 5246 in
1366 5165 1446 5247 bac
1475 5196 1518 5246 rc
1538 5166 1713 5247 domon-

212 5308 427 5380 strarctnr.
465 5296 562 5379 Non
592 5328 743 5407 parum
773 5301 902 5382 otiam
931 5297 977 5380 P.
1008 5298 1170 5380 Fidclis
1189 5298 1478 5405 adlaboravit,
1499 5310 1549 5381 ut
1568 5308 1712 5382 textus

320 5585 329 5620 ¹
350 5588 426 5639 Tam.
446 5587 462 5640 l.
483 5602 543 5652 pag.
563 5588 606 5640 lx.
626 5601 699 5656 supp

319 5679 330 5710 ⁸
350 5685 471 5749 Taurini,
491 5686 596 5738 uariunt
620 5685 702 5743 tart,
722 5701 783 5753 pag.
804 5686 925 5740 mdis).
