<?xml version="1.0" encoding="UTF-8"?>
<!DOCTYPE html PUBLIC "-//W3C//DTD XHTML 1.0 Transitional//EN"
    "http://www.w3.org/TR/xhtml1/DTD/xhtml1-transitional.dtd">
<html xmlns="http://www.w3.org/1999/xhtml" xml:lang="en" lang="en">
 <head>
  <title>
</title>
<meta http-equiv="Content-Type" content="text/html;charset=utf-8" />
  <meta name='ocr-system' content='tesseract 3.04.00' />
  <meta name='ocr-capabilities' content='ocr_page ocr_carea ocr_par ocr_line ocrx_word'/>
</head>
<body>
  <div class='ocr_page' id='page_1' title='image "./dehumanaecognit00italgoog_0123.png"; bbox 0 0 3870 6488; ppageno 0'>
   <div class='ocr_carea' id='block_1_1' title="bbox 275 312 1258 389">
    <p class='ocr_par' dir='ltr' id='par_1_1' title="bbox 275 312 1258 389">
     <span class='ocr_line' id='line_1_1' title="bbox 275 312 1258 389; baseline 0.003 -11"><span class='ocrx_word' id='word_1_1' title='bbox 275 312 318 378; x_wconf 82' lang='lat'><strong>88</strong></span> <span class='ocrx_word' id='word_1_2' title='bbox 790 329 941 389; x_wconf 81' lang='lat' dir='ltr'><strong>nuausrre</strong></span> <span class='ocrx_word' id='word_1_3' title='bbox 963 331 1137 381; x_wconf 78' lang='lat' dir='ltr'><strong>nrsrurnrn</strong></span> <span class='ocrx_word' id='word_1_4' title='bbox 1162 330 1258 381; x_wconf 73' lang='lat' dir='ltr'><strong>ursina</strong></span> 
     </span>
    </p>
   </div>
   <div class='ocr_carea' id='block_1_2' title="bbox 273 453 1779 3910">
    <p class='ocr_par' dir='ltr' id='par_1_2' title="bbox 275 453 1772 660">
     <span class='ocr_line' id='line_1_2' title="bbox 275 453 1772 543; baseline 0 -20"><span class='ocrx_word' id='word_1_5' title='bbox 275 455 483 542; x_wconf 85' lang='lat' dir='ltr'><strong>cognitionem</strong></span> <span class='ocrx_word' id='word_1_6' title='bbox 507 473 619 523; x_wconf 89' lang='lat' dir='ltr'><strong>eorum</strong></span> <span class='ocrx_word' id='word_1_7' title='bbox 636 473 719 543; x_wconf 89' lang='lat' dir='ltr'><strong>quae</strong></span> <span class='ocrx_word' id='word_1_8' title='bbox 734 454 871 524; x_wconf 75' lang='lat' dir='ltr'><strong>subsunt</strong></span> <span class='ocrx_word' id='word_1_9' title='bbox 894 456 1006 524; x_wconf 87' lang='lat' dir='ltr'><strong>rationi</strong></span> <span class='ocrx_word' id='word_1_10' title='bbox 1035 473 1093 525; x_wconf 88' lang='lat' dir='ltr'><strong>nec</strong></span> <span class='ocrx_word' id='word_1_11' title='bbox 1108 455 1178 525; x_wconf 87' lang='lat' dir='ltr'><strong>eius</strong></span> <span class='ocrx_word' id='word_1_12' title='bbox 1194 456 1375 525; x_wconf 68' lang='lat' dir='ltr'><strong>facultatem</strong></span> <span class='ocrx_word' id='word_1_13' title='bbox 1391 457 1568 537; x_wconf 80' lang='lat' dir='ltr'><strong>excedunt,</strong></span> <span class='ocrx_word' id='word_1_14' title='bbox 1591 454 1710 524; x_wconf 85' lang='lat' dir='ltr'><strong>sulhcit</strong></span> <span class='ocrx_word' id='word_1_15' title='bbox 1725 453 1772 523; x_wconf 91' lang='lat' dir='ltr'><strong>ln·</strong></span> 
     </span>
     <span class='ocr_line' id='line_1_3' title="bbox 276 571 1770 660; baseline -0.001 -21"><span class='ocrx_word' id='word_1_16' title='bbox 276 590 346 640; x_wconf 92' lang='lat' dir='ltr'><strong>men</strong></span> <span class='ocrx_word' id='word_1_17' title='bbox 364 572 519 655; x_wconf 90' lang='lat' dir='ltr'><strong>naturale,</strong></span> <span class='ocrx_word' id='word_1_18' title='bbox 535 572 700 660; x_wconf 79' lang='lat' dir='ltr'><strong>supposita</strong></span> <span class='ocrx_word' id='word_1_19' title='bbox 715 572 770 641; x_wconf 83' lang='lat' dir='ltr'><strong>Dei</strong></span> <span class='ocrx_word' id='word_1_20' title='bbox 786 572 947 641; x_wconf 83' lang='lat' dir='ltr'><strong>cummuni</strong></span> <span class='ocrx_word' id='word_1_21' title='bbox 964 571 1136 655; x_wconf 86' lang='lat' dir='ltr'><strong>influentia,</strong></span> <span class='ocrx_word' id='word_1_22' title='bbox 1158 591 1222 659; x_wconf 89' lang='lat' dir='ltr'><strong>qua</strong></span> <span class='ocrx_word' id='word_1_23' title='bbox 1245 579 1412 642; x_wconf 83' lang='lat' dir='ltr'><strong>conseruat</strong></span> <span class='ocrx_word' id='word_1_24' title='bbox 1427 591 1554 641; x_wconf 92' lang='lat' dir='ltr'><strong>omnem</strong></span> <span class='ocrx_word' id='word_1_25' title='bbox 1577 580 1770 640; x_wconf 81' lang='lat' dir='ltr'><strong>creaturam.</strong></span> 
     </span>
    </p>

    <p class='ocr_par' dir='ltr' id='par_1_3' title="bbox 274 686 1772 1238">
     <span class='ocr_line' id='line_1_4' title="bbox 363 686 1771 776; baseline 0 -21"><span class='ocrx_word' id='word_1_26' title='bbox 363 689 394 755; x_wconf 79' lang='grc'><strong>1.</strong></span> <span class='ocrx_word' id='word_1_27' title='bbox 418 686 513 769; x_wconf 89' lang='lat' dir='ltr'><strong>item,</strong></span> <span class='ocrx_word' id='word_1_28' title='bbox 536 689 618 757; x_wconf 87' lang='lat' dir='ltr'><strong>sicut</strong></span> <span class='ocrx_word' id='word_1_29' title='bbox 640 688 749 757; x_wconf 89' lang='lat' dir='ltr'><strong>divina</strong></span> <span class='ocrx_word' id='word_1_30' title='bbox 769 688 909 776; x_wconf 89' lang='lat' dir='ltr'><strong>potentia</strong></span> <span class='ocrx_word' id='word_1_31' title='bbox 931 706 966 757; x_wconf 91' lang='lat' dir='ltr'><strong>se</strong></span> <span class='ocrx_word' id='word_1_32' title='bbox 989 688 1085 756; x_wconf 88' lang='lat' dir='ltr'><strong>hahet</strong></span> <span class='ocrx_word' id='word_1_33' title='bbox 1107 688 1149 756; x_wconf 90' lang='lat' dir='ltr'><strong>ad</strong></span> <span class='ocrx_word' id='word_1_34' title='bbox 1170 687 1345 776; x_wconf 84' lang='lat' dir='ltr'><strong>operabilia</strong></span> <span class='ocrx_word' id='word_1_35' title='bbox 1360 688 1389 769; x_wconf 93' lang='lat'><strong>¹,</strong></span> <span class='ocrx_word' id='word_1_36' title='bbox 1413 689 1457 756; x_wconf 90' lang='lat' dir='ltr'><strong>ita</strong></span> <span class='ocrx_word' id='word_1_37' title='bbox 1480 687 1586 757; x_wconf 79' lang='lat' dir='ltr'><strong>divina</strong></span> <span class='ocrx_word' id='word_1_38' title='bbox 1616 687 1771 776; x_wconf 79' lang='lat' dir='ltr'><strong>sapientia</strong></span> 
     </span>
     <span class='ocr_line' id='line_1_5' title="bbox 275 802 1769 892; baseline -0.001 -20"><span class='ocrx_word' id='word_1_39' title='bbox 275 822 308 872; x_wconf 91' lang='lat' dir='ltr'><strong>se</strong></span> <span class='ocrx_word' id='word_1_40' title='bbox 332 804 427 872; x_wconf 88' lang='lat' dir='ltr'><strong>hahet</strong></span> <span class='ocrx_word' id='word_1_41' title='bbox 449 803 490 872; x_wconf 96' lang='lat' dir='ltr'><strong>ad</strong></span> <span class='ocrx_word' id='word_1_42' title='bbox 513 803 736 890; x_wconf 83' lang='lat' dir='ltr'><strong>cognoscibilia</strong></span> <span class='ocrx_word' id='word_1_43' title='bbox 757 803 824 872; x_wconf 86' lang='lat' dir='ltr'><strong>sive</strong></span> <span class='ocrx_word' id='word_1_44' title='bbox 839 802 1057 890; x_wconf 75' lang='lat' dir='ltr'><strong>intelligibilia.</strong></span> <span class='ocrx_word' id='word_1_45' title='bbox 1074 804 1142 873; x_wconf 53' lang='lat' dir='ltr'><strong>‘Sed</strong></span> <span class='ocrx_word' id='word_1_46' title='bbox 1164 811 1320 892; x_wconf 90' lang='lat' dir='ltr'><strong>quantum</strong></span> <span class='ocrx_word' id='word_1_47' title='bbox 1335 804 1377 873; x_wconf 89' lang='lat' dir='ltr'><strong>ad</strong></span> <span class='ocrx_word' id='word_1_48' title='bbox 1400 803 1586 892; x_wconf 87' lang='lat' dir='ltr'><strong>operabilia‚</strong></span> <span class='ocrx_word' id='word_1_49' title='bbox 1609 821 1692 891; x_wconf 90' lang='lat' dir='ltr'><strong>quae</strong></span> <span class='ocrx_word' id='word_1_50' title='bbox 1706 823 1769 871; x_wconf 91' lang='lat' dir='ltr'><strong>non</strong></span> 
     </span>
     <span class='ocr_line' id='line_1_6' title="bbox 274 918 1768 1002; baseline -0.001 -15"><span class='ocrx_word' id='word_1_51' title='bbox 274 920 436 989; x_wconf 87' lang='lat' dir='ltr'><strong>excedunt</strong></span> <span class='ocrx_word' id='word_1_52' title='bbox 466 920 649 989; x_wconf 75' lang='lat' dir='ltr'><strong>laenitatem</strong></span> <span class='ocrx_word' id='word_1_53' title='bbox 680 927 831 1002; x_wconf 87' lang='lat' dir='ltr'><strong>naturae,</strong></span> <span class='ocrx_word' id='word_1_54' title='bbox 861 918 978 988; x_wconf 87' lang='lat' dir='ltr'><strong>suliieit</strong></span> <span class='ocrx_word' id='word_1_55' title='bbox 1001 919 1104 988; x_wconf 88' lang='lat' dir='ltr'><strong>virtus</strong></span> <span class='ocrx_word' id='word_1_56' title='bbox 1134 927 1268 987; x_wconf 91' lang='lat' dir='ltr'><strong>naturae</strong></span> <span class='ocrx_word' id='word_1_57' title='bbox 1290 936 1364 988; x_wconf 90' lang='lat' dir='ltr'><strong>cum</strong></span> <span class='ocrx_word' id='word_1_58' title='bbox 1395 918 1571 988; x_wconf 82' lang='lat' dir='ltr'><strong>influentia</strong></span> <span class='ocrx_word' id='word_1_59' title='bbox 1589 919 1768 989; x_wconf 86' lang='lat' dir='ltr'><strong>cornmuni:</strong></span> 
     </span>
     <span class='ocr_line' id='line_1_7' title="bbox 275 1033 1772 1123; baseline 0 -20"><span class='ocrx_word' id='word_1_60' title='bbox 275 1054 351 1122; x_wconf 90' lang='lat' dir='ltr'><strong>ergn</strong></span> <span class='ocrx_word' id='word_1_61' title='bbox 366 1035 406 1103; x_wconf 92' lang='lat' dir='ltr'><strong>ad</strong></span> <span class='ocrx_word' id='word_1_62' title='bbox 422 1035 658 1122; x_wconf 82' lang='lat' dir='ltr'><strong>cognoscibilia,</strong></span> <span class='ocrx_word' id='word_1_63' title='bbox 680 1052 763 1123; x_wconf 88' lang='lat' dir='ltr'><strong>qnae</strong></span> <span class='ocrx_word' id='word_1_64' title='bbox 778 1053 841 1103; x_wconf 91' lang='lat' dir='ltr'><strong>non</strong></span> <span class='ocrx_word' id='word_1_65' title='bbox 864 1034 1024 1103; x_wconf 77' lang='lat' dir='ltr'><strong>excedunt</strong></span> <span class='ocrx_word' id='word_1_66' title='bbox 1039 1034 1220 1103; x_wconf 86' lang='lat' dir='ltr'><strong>laenitatem</strong></span> <span class='ocrx_word' id='word_1_67' title='bbox 1244 1040 1395 1116; x_wconf 87' lang='lat' dir='ltr'><strong>naturae,</strong></span> <span class='ocrx_word' id='word_1_68' title='bbox 1418 1033 1535 1104; x_wconf 83' lang='lat' dir='ltr'><strong>srrlhcit</strong></span> <span class='ocrx_word' id='word_1_69' title='bbox 1550 1034 1659 1104; x_wconf 85' lang='lat' dir='ltr'><strong>lumen</strong></span> <span class='ocrx_word' id='word_1_70' title='bbox 1682 1041 1772 1103; x_wconf 92' lang='lat' dir='ltr'><strong>natu·</strong></span> 
     </span>
     <span class='ocr_line' id='line_1_8' title="bbox 275 1131 1503 1238; baseline -0.001 -19"><span class='ocrx_word' id='word_1_71' title='bbox 275 1131 342 1220; x_wconf 83' lang='lat' dir='ltr'><strong>rale</strong></span> <span class='ocrx_word' id='word_1_72' title='bbox 363 1169 438 1220; x_wconf 86' lang='lat' dir='ltr'><strong>curn</strong></span> <span class='ocrx_word' id='word_1_73' title='bbox 461 1151 601 1238; x_wconf 88' lang='lat' dir='ltr'><strong>generali</strong></span> <span class='ocrx_word' id='word_1_74' title='bbox 624 1150 806 1232; x_wconf 86' lang='lat' dir='ltr'><strong>influentia,</strong></span> <span class='ocrx_word' id='word_1_75' title='bbox 828 1168 912 1238; x_wconf 87' lang='lat' dir='ltr'><strong>qnae</strong></span> <span class='ocrx_word' id='word_1_76' title='bbox 935 1149 1015 1219; x_wconf 93' lang='lat' dir='ltr'><strong>nulli</strong></span> <span class='ocrx_word' id='word_1_77' title='bbox 1037 1149 1240 1221; x_wconf 85' lang='lat' dir='ltr'><strong>subtrahitur</strong></span> <span class='ocrx_word' id='word_1_78' title='bbox 1262 1156 1439 1218; x_wconf 86' lang='lat' dir='ltr'><strong>creaturae.</strong></span> <span class='ocrx_word' id='word_1_79' title='bbox 1496 1144 1503 1154; x_wconf 91' lang='grc'><strong><em>’</em></strong></span> 
     </span>
    </p>

    <p class='ocr_par' dir='ltr' id='par_1_4' title="bbox 273 1265 1772 1819">
     <span class='ocr_line' id='line_1_9' title="bbox 364 1265 1772 1356; baseline -0.002 -20"><span class='ocrx_word' id='word_1_80' title='bbox 364 1271 395 1336; x_wconf 82' lang='lat' dir='ltr'><strong>a.</strong></span> <span class='ocrx_word' id='word_1_81' title='bbox 416 1269 509 1349; x_wconf 91' lang='lat' dir='ltr'><strong>ltem,</strong></span> <span class='ocrx_word' id='word_1_82' title='bbox 532 1286 616 1356; x_wconf 90' lang='lat' dir='ltr'><strong>pono</strong></span> <span class='ocrx_word' id='word_1_83' title='bbox 639 1267 776 1354; x_wconf 88' lang='lat' dir='ltr'><strong>speciem</strong></span> <span class='ocrx_word' id='word_1_84' title='bbox 799 1267 990 1335; x_wconf 81' lang='lat' dir='ltr'><strong>abstractam</strong></span> <span class='ocrx_word' id='word_1_85' title='bbox 1014 1286 1034 1334; x_wconf 92' lang='lat' dir='ltr'><strong>a</strong></span> <span class='ocrx_word' id='word_1_86' title='bbox 1057 1266 1351 1354; x_wconf 84' lang='lat' dir='ltr'><strong>phantasmatibus,</strong></span> <span class='ocrx_word' id='word_1_87' title='bbox 1373 1285 1458 1353; x_wconf 91' lang='lat' dir='ltr'><strong>pono</strong></span> <span class='ocrx_word' id='word_1_88' title='bbox 1482 1266 1654 1354; x_wconf 90' lang='lat' dir='ltr'><strong>potentiam</strong></span> <span class='ocrx_word' id='word_1_89' title='bbox 1682 1265 1772 1334; x_wconf 89' lang='lat' dir='ltr'><strong>intel·</strong></span> 
     </span>
     <span class='ocr_line' id='line_1_10' title="bbox 274 1378 1772 1472; baseline -0.001 -21"><span class='ocrx_word' id='word_1_90' title='bbox 274 1383 445 1453; x_wconf 79' lang='lat' dir='ltr'><strong>lecticam¹</strong></span> <span class='ocrx_word' id='word_1_91' title='bbox 470 1384 673 1472; x_wconf 87' lang='lat' dir='ltr'><strong>dispositam,</strong></span> <span class='ocrx_word' id='word_1_92' title='bbox 696 1400 778 1470; x_wconf 91' lang='lat' dir='ltr'><strong>pono</strong></span> <span class='ocrx_word' id='word_1_93' title='bbox 794 1382 1034 1451; x_wconf 82' lang='lat' dir='ltr'><strong>conversionem</strong></span> <span class='ocrx_word' id='word_1_94' title='bbox 1050 1381 1128 1450; x_wconf 90' lang='lat' dir='ltr'><strong>aciei</strong></span> <span class='ocrx_word' id='word_1_95' title='bbox 1153 1378 1331 1450; x_wconf 88' lang='lat' dir='ltr'><strong>intellectus</strong></span> <span class='ocrx_word' id='word_1_96' title='bbox 1346 1398 1444 1469; x_wconf 89' lang='lat' dir='ltr'><strong>super</strong></span> <span class='ocrx_word' id='word_1_97' title='bbox 1459 1380 1563 1462; x_wconf 87' lang='lat' dir='ltr'><strong>illam,</strong></span> <span class='ocrx_word' id='word_1_98' title='bbox 1577 1388 1610 1450; x_wconf 86' lang='lat' dir='ltr'><strong>el</strong></span> <span class='ocrx_word' id='word_1_99' title='bbox 1624 1398 1772 1469; x_wconf 88' lang='lat' dir='ltr'><strong>suppono</strong></span> 
     </span>
     <span class='ocr_line' id='line_1_11' title="bbox 273 1496 1772 1586; baseline -0.002 -18"><span class='ocrx_word' id='word_1_100' title='bbox 273 1519 476 1568; x_wconf 77' lang='lat' dir='ltr'><strong>uirnmunern</strong></span> <span class='ocrx_word' id='word_1_101' title='bbox 492 1499 689 1569; x_wconf 89' lang='lat' dir='ltr'><strong>inlineutiam</strong></span> <span class='ocrx_word' id='word_1_102' title='bbox 702 1523 710 1579; x_wconf 94' lang='lat'>;</span> <span class='ocrx_word' id='word_1_103' title='bbox 725 1499 782 1567; x_wconf 88' lang='lat' dir='ltr'><strong>sed</strong></span> <span class='ocrx_word' id='word_1_104' title='bbox 797 1498 839 1567; x_wconf 92' lang='lat' dir='ltr'><strong>ad</strong></span> <span class='ocrx_word' id='word_1_105' title='bbox 855 1498 1064 1585; x_wconf 77' lang='lat' dir='ltr'><strong>cognitionem</strong></span> <span class='ocrx_word' id='word_1_106' title='bbox 1088 1517 1151 1567; x_wconf 79' lang='lat' dir='ltr'><strong>riou</strong></span> <span class='ocrx_word' id='word_1_107' title='bbox 1167 1497 1317 1566; x_wconf 88' lang='lat' dir='ltr'><strong>videntur</strong></span> <span class='ocrx_word' id='word_1_108' title='bbox 1332 1497 1428 1586; x_wconf 91' lang='lat' dir='ltr'><strong>plura</strong></span> <span class='ocrx_word' id='word_1_109' title='bbox 1442 1497 1577 1584; x_wconf 86' lang='lat' dir='ltr'><strong>requiri:</strong></span> <span class='ocrx_word' id='word_1_110' title='bbox 1601 1514 1680 1585; x_wconf 89' lang='lat' dir='ltr'><strong>ergo</strong></span> <span class='ocrx_word' id='word_1_111' title='bbox 1701 1496 1772 1565; x_wconf 89' lang='lat' dir='ltr'><strong>sine</strong></span> 
     </span>
     <span class='ocr_line' id='line_1_12' title="bbox 274 1613 1770 1704; baseline -0.001 -21"><span class='ocrx_word' id='word_1_112' title='bbox 274 1615 382 1704; x_wconf 89' lang='lat' dir='ltr'><strong>aliqua</strong></span> <span class='ocrx_word' id='word_1_113' title='bbox 405 1615 568 1684; x_wconf 83' lang='lat' dir='ltr'><strong>influentia</strong></span> <span class='ocrx_word' id='word_1_114' title='bbox 590 1613 718 1702; x_wconf 88' lang='lat' dir='ltr'><strong>speciali</strong></span> <span class='ocrx_word' id='word_1_115' title='bbox 734 1633 754 1682; x_wconf 92' lang='lat' dir='ltr'><strong>a</strong></span> <span class='ocrx_word' id='word_1_116' title='bbox 769 1614 926 1701; x_wconf 86' lang='lat' dir='ltr'><strong>superiori</strong></span> <span class='ocrx_word' id='word_1_117' title='bbox 950 1621 1053 1702; x_wconf 77' lang='lat' dir='ltr'><strong>potem</strong></span> <span class='ocrx_word' id='word_1_118' title='bbox 1066 1614 1173 1683; x_wconf 92' lang='lat' dir='ltr'><strong>anima</strong></span> <span class='ocrx_word' id='word_1_119' title='bbox 1188 1613 1451 1683; x_wconf 88' lang='lat' dir='ltr'><strong>certitudinaliter</strong></span> <span class='ocrx_word' id='word_1_120' title='bbox 1467 1632 1675 1703; x_wconf 81' lang='lat' dir='ltr'><strong>mgnnscere,</strong></span> <span class='ocrx_word' id='word_1_121' title='bbox 1694 1632 1770 1683; x_wconf 92' lang='lat' dir='ltr'><strong>cum</strong></span> 
     </span>
     <span class='ocr_line' id='line_1_13' title="bbox 274 1731 944 1819; baseline -0.003 -21"><span class='ocrx_word' id='word_1_122' title='bbox 274 1732 381 1800; x_wconf 79' lang='lat' dir='ltr'><strong>omitia</strong></span> <span class='ocrx_word' id='word_1_123' title='bbox 402 1732 463 1801; x_wconf 78' lang='lat' dir='ltr'><strong>ista</strong></span> <span class='ocrx_word' id='word_1_124' title='bbox 485 1731 548 1800; x_wconf 90' lang='lat' dir='ltr'><strong>sint</strong></span> <span class='ocrx_word' id='word_1_125' title='bbox 571 1732 602 1800; x_wconf 96' lang='lat' dir='ltr'><strong>in</strong></span> <span class='ocrx_word' id='word_1_126' title='bbox 625 1738 779 1819; x_wconf 82' lang='lat' dir='ltr'><strong>potestate</strong></span> <span class='ocrx_word' id='word_1_127' title='bbox 802 1739 944 1800; x_wconf 87' lang='lat' dir='ltr'><strong>naturae.</strong></span> 
     </span>
    </p>

    <p class='ocr_par' dir='ltr' id='par_1_5' title="bbox 273 1846 1771 2284">
     <span class='ocr_line' id='line_1_14' title="bbox 364 1846 1771 1936; baseline 0.002 -22"><span class='ocrx_word' id='word_1_128' title='bbox 364 1850 395 1914; x_wconf 86' lang='lat' dir='ltr'><strong>c.</strong></span> <span class='ocrx_word' id='word_1_129' title='bbox 419 1846 513 1927; x_wconf 85' lang='lat' dir='ltr'><strong>ltern,</strong></span> <span class='ocrx_word' id='word_1_130' title='bbox 535 1847 730 1936; x_wconf 85' lang='lat' dir='ltr'><strong>quicumque</strong></span> <span class='ocrx_word' id='word_1_131' title='bbox 753 1846 838 1915; x_wconf 89' lang='lat' dir='ltr'><strong>videt</strong></span> <span class='ocrx_word' id='word_1_132' title='bbox 861 1846 1002 1934; x_wconf 88' lang='lat' dir='ltr'><strong>aliquam</strong></span> <span class='ocrx_word' id='word_1_133' title='bbox 1025 1864 1094 1915; x_wconf 86' lang='lat' dir='ltr'><strong>rem</strong></span> <span class='ocrx_word' id='word_1_134' title='bbox 1119 1846 1151 1913; x_wconf 93' lang='lat' dir='ltr'><strong>in</strong></span> <span class='ocrx_word' id='word_1_135' title='bbox 1183 1846 1254 1914; x_wconf 78' lang='lat' dir='ltr'><strong>line</strong></span> <span class='ocrx_word' id='word_1_136' title='bbox 1278 1846 1327 1915; x_wconf 81' lang='lat' dir='ltr'><strong>rel</strong></span> <span class='ocrx_word' id='word_1_137' title='bbox 1352 1847 1384 1915; x_wconf 92' lang='lat' dir='ltr'><strong>in</strong></span> <span class='ocrx_word' id='word_1_138' title='bbox 1404 1852 1474 1915; x_wconf 90' lang='lat' dir='ltr'><strong>arte</strong></span> <span class='ocrx_word' id='word_1_139' title='bbox 1492 1846 1617 1934; x_wconf 90' lang='lat' dir='ltr'><strong>aliqua,</strong></span> <span class='ocrx_word' id='word_1_140' title='bbox 1640 1864 1771 1917; x_wconf 82' lang='lat' dir='ltr'><strong>necesse</strong></span> 
     </span>
     <span class='ocr_line' id='line_1_15' title="bbox 273 1960 1770 2051; baseline 0.001 -21"><span class='ocrx_word' id='word_1_141' title='bbox 273 1964 440 2050; x_wconf 83' lang='lat' dir='ltr'><strong>estquod</strong></span> <span class='ocrx_word' id='word_1_142' title='bbox 465 1963 571 2031; x_wconf 89' lang='lat' dir='ltr'><strong>videat</strong></span> <span class='ocrx_word' id='word_1_143' title='bbox 594 1962 681 2031; x_wconf 92' lang='lat' dir='ltr'><strong>illam</strong></span> <span class='ocrx_word' id='word_1_144' title='bbox 706 1962 809 2030; x_wconf 81' lang='lat' dir='ltr'><strong>lucem</strong></span> <span class='ocrx_word' id='word_1_145' title='bbox 834 1962 883 2030; x_wconf 87' lang='lat' dir='ltr'><strong>vel</strong></span> <span class='ocrx_word' id='word_1_146' title='bbox 907 1968 1009 2030; x_wconf 88' lang='lat' dir='ltr'><strong>artem</strong></span> <span class='ocrx_word' id='word_1_147' title='bbox 1033 1963 1083 2031; x_wconf 89' lang='lat' dir='ltr'><strong>vel</strong></span> <span class='ocrx_word' id='word_1_148' title='bbox 1106 1962 1269 2049; x_wconf 87' lang='lat' dir='ltr'><strong>regulam,</strong></span> <span class='ocrx_word' id='word_1_149' title='bbox 1293 1961 1324 2030; x_wconf 89' lang='lat' dir='ltr'><strong>iu</strong></span> <span class='ocrx_word' id='word_1_150' title='bbox 1348 1981 1412 2051; x_wconf 94' lang='lat' dir='ltr'><strong>qna</strong></span> <span class='ocrx_word' id='word_1_151' title='bbox 1434 1960 1530 2031; x_wconf 81' lang='lat' dir='ltr'><strong>videt</strong></span> <span class='ocrx_word' id='word_1_152' title='bbox 1557 1962 1619 2032; x_wconf 87' lang='lat' dir='ltr'><strong>Sed</strong></span> <span class='ocrx_word' id='word_1_153' title='bbox 1643 1970 1770 2033; x_wconf 87' lang='lat' dir='ltr'><strong>certum</strong></span> 
     </span>
     <span class='ocr_line' id='line_1_16' title="bbox 273 2078 1770 2167; baseline 0.003 -22"><span class='ocrx_word' id='word_1_154' title='bbox 273 2080 433 2166; x_wconf 70' lang='lat' dir='ltr'><strong>estquod</strong></span> <span class='ocrx_word' id='word_1_155' title='bbox 450 2079 628 2148; x_wconf 90' lang='lat' dir='ltr'><strong>intellectus</strong></span> <span class='ocrx_word' id='word_1_156' title='bbox 651 2078 781 2147; x_wconf 72' lang='lat' dir='ltr'><strong>viatricis</strong></span> <span class='ocrx_word' id='word_1_157' title='bbox 805 2078 891 2146; x_wconf 86' lang='lat' dir='ltr'><strong>illarn</strong></span> <span class='ocrx_word' id='word_1_158' title='bbox 914 2086 1076 2148; x_wconf 88' lang='lat' dir='ltr'><strong>aeternam</strong></span> <span class='ocrx_word' id='word_1_159' title='bbox 1092 2086 1213 2161; x_wconf 88' lang='lat' dir='ltr'><strong>artem,</strong></span> <span class='ocrx_word' id='word_1_160' title='bbox 1237 2079 1342 2148; x_wconf 86' lang='lat' dir='ltr'><strong>lucem</strong></span> <span class='ocrx_word' id='word_1_161' title='bbox 1363 2086 1396 2147; x_wconf 92' lang='lat' dir='ltr'><strong>et</strong></span> <span class='ocrx_word' id='word_1_162' title='bbox 1411 2080 1557 2167; x_wconf 87' lang='lat' dir='ltr'><strong>regulam</strong></span> <span class='ocrx_word' id='word_1_163' title='bbox 1580 2099 1645 2149; x_wconf 92' lang='lat' dir='ltr'><strong>non</strong></span> <span class='ocrx_word' id='word_1_164' title='bbox 1669 2082 1770 2164; x_wconf 81' lang='lat' dir='ltr'><strong>sidet,</strong></span> 
     </span>
     <span class='ocr_line' id='line_1_17' title="bbox 274 2196 1251 2284; baseline 0.003 -22"><span class='ocrx_word' id='word_1_165' title='bbox 274 2196 374 2283; x_wconf 85' lang='lat' dir='ltr'><strong>qnia³</strong></span> <span class='ocrx_word' id='word_1_166' title='bbox 398 2196 452 2264; x_wconf 90' lang='lat' dir='ltr'><strong>illa</strong></span> <span class='ocrx_word' id='word_1_167' title='bbox 475 2196 554 2263; x_wconf 81' lang='lat' dir='ltr'><strong>cisio</strong></span> <span class='ocrx_word' id='word_1_168' title='bbox 576 2197 650 2265; x_wconf 89' lang='lat' dir='ltr'><strong>lacit</strong></span> <span class='ocrx_word' id='word_1_169' title='bbox 673 2197 818 2264; x_wconf 89' lang='lat' dir='ltr'><strong>beatum:</strong></span> <span class='ocrx_word' id='word_1_170' title='bbox 842 2214 920 2284; x_wconf 87' lang='lat' dir='ltr'><strong>ergo</strong></span> <span class='ocrx_word' id='word_1_171' title='bbox 943 2216 1000 2267; x_wconf 91' lang='lat' dir='ltr'><strong>nec</strong></span> <span class='ocrx_word' id='word_1_172' title='bbox 1023 2198 1056 2266; x_wconf 94' lang='lat' dir='ltr'><strong>in</strong></span> <span class='ocrx_word' id='word_1_173' title='bbox 1079 2199 1134 2266; x_wconf 90' lang='lat' dir='ltr'><strong>illa</strong></span> <span class='ocrx_word' id='word_1_174' title='bbox 1156 2197 1251 2267; x_wconf 89' lang='lat' dir='ltr'><strong>videt.</strong></span> 
     </span>
    </p>

    <p class='ocr_par' dir='ltr' id='par_1_6' title="bbox 274 2312 1772 2867">
     <span class='ocr_line' id='line_1_18' title="bbox 364 2312 1771 2403; baseline 0.004 -24"><span class='ocrx_word' id='word_1_175' title='bbox 364 2314 394 2379; x_wconf 90' lang='grc'><strong>7.</strong></span> <span class='ocrx_word' id='word_1_176' title='bbox 419 2312 509 2393; x_wconf 90' lang='lat' dir='ltr'><strong>item,</strong></span> <span class='ocrx_word' id='word_1_177' title='bbox 533 2312 558 2380; x_wconf 88' lang='lat' dir='ltr'><strong>si</strong></span> <span class='ocrx_word' id='word_1_178' title='bbox 581 2313 689 2381; x_wconf 90' lang='lat' dir='ltr'><strong>omnia</strong></span> <span class='ocrx_word' id='word_1_179' title='bbox 711 2312 884 2381; x_wconf 74' lang='lat' dir='ltr'><strong>videratur*</strong></span> <span class='ocrx_word' id='word_1_180' title='bbox 910 2313 1020 2385; x_wconf 93' lang='lat' dir='ltr'><strong>in.illa</strong></span> <span class='ocrx_word' id='word_1_181' title='bbox 1043 2314 1114 2384; x_wconf 88' lang='lat' dir='ltr'><strong>luce</strong></span> <span class='ocrx_word' id='word_1_182' title='bbox 1136 2321 1169 2384; x_wconf 90' lang='lat' dir='ltr'><strong>et</strong></span> <span class='ocrx_word' id='word_1_183' title='bbox 1190 2333 1249 2403; x_wconf 90' lang='lat' dir='ltr'><strong>per</strong></span> <span class='ocrx_word' id='word_1_184' title='bbox 1271 2313 1438 2402; x_wconf 79' lang='lat' dir='ltr'><strong>specialem</strong></span> <span class='ocrx_word' id='word_1_185' title='bbox 1463 2314 1660 2384; x_wconf 85' lang='lat' dir='ltr'><strong>influentiam</strong></span> <span class='ocrx_word' id='word_1_186' title='bbox 1683 2315 1771 2385; x_wconf 93' lang='lat' dir='ltr'><strong>illins</strong></span> 
     </span>
     <span class='ocr_line' id='line_1_19' title="bbox 275 2425 1772 2520; baseline 0.005 -27"><span class='ocrx_word' id='word_1_187' title='bbox 275 2425 372 2509; x_wconf 87' lang='lat' dir='ltr'><strong>lueis,</strong></span> <span class='ocrx_word' id='word_1_188' title='bbox 395 2445 473 2515; x_wconf 90' lang='lat' dir='ltr'><strong>ergo</strong></span> <span class='ocrx_word' id='word_1_189' title='bbox 493 2429 548 2516; x_wconf 91' lang='lat' dir='ltr'><strong>qni</strong></span> <span class='ocrx_word' id='word_1_190' title='bbox 571 2429 673 2516; x_wconf 88' lang='lat' dir='ltr'><strong>magis</strong></span> <span class='ocrx_word' id='word_1_191' title='bbox 696 2436 771 2497; x_wconf 90' lang='lat' dir='ltr'><strong>snut</strong></span> <span class='ocrx_word' id='word_1_192' title='bbox 794 2428 838 2497; x_wconf 94' lang='lat' dir='ltr'><strong>illi</strong></span> <span class='ocrx_word' id='word_1_193' title='bbox 862 2429 924 2499; x_wconf 89' lang='lat' dir='ltr'><strong>luci</strong></span> <span class='ocrx_word' id='word_1_194' title='bbox 949 2430 1138 2520; x_wconf 88' lang='lat' dir='ltr'><strong>propinqui,</strong></span> <span class='ocrx_word' id='word_1_195' title='bbox 1161 2430 1262 2519; x_wconf 80' lang='lat' dir='ltr'><strong>inagis</strong></span> <span class='ocrx_word' id='word_1_196' title='bbox 1285 2430 1402 2512; x_wconf 88' lang='lat' dir='ltr'><strong>vident,</strong></span> <span class='ocrx_word' id='word_1_197' title='bbox 1425 2449 1523 2519; x_wconf 89' lang='lat' dir='ltr'><strong>quarn</strong></span> <span class='ocrx_word' id='word_1_198' title='bbox 1550 2430 1595 2499; x_wconf 97' lang='lat' dir='ltr'><strong>illi</strong></span> <span class='ocrx_word' id='word_1_199' title='bbox 1615 2431 1672 2519; x_wconf 92' lang='lat' dir='ltr'><strong>qui</strong></span> <span class='ocrx_word' id='word_1_200' title='bbox 1695 2441 1772 2501; x_wconf 89' lang='lat' dir='ltr'><strong>sunt</strong></span> 
     </span>
     <span class='ocr_line' id='line_1_20' title="bbox 274 2543 1771 2635; baseline 0.005 -26"><span class='ocrx_word' id='word_1_201' title='bbox 274 2543 316 2610; x_wconf 90' lang='lat' dir='ltr'><strong>ah</strong></span> <span class='ocrx_word' id='word_1_202' title='bbox 339 2543 392 2612; x_wconf 92' lang='lat' dir='ltr'><strong>illa</strong></span> <span class='ocrx_word' id='word_1_203' title='bbox 424 2543 494 2613; x_wconf 92' lang='lat' dir='ltr'><strong>lucc</strong></span> <span class='ocrx_word' id='word_1_204' title='bbox 516 2545 630 2615; x_wconf 85' lang='lat' dir='ltr'><strong>aversi.</strong></span> <span class='ocrx_word' id='word_1_205' title='bbox 661 2546 722 2614; x_wconf 87' lang='lat' dir='ltr'><strong>Sed</strong></span> <span class='ocrx_word' id='word_1_206' title='bbox 746 2552 869 2614; x_wconf 89' lang='lat' dir='ltr'><strong>certum</strong></span> <span class='ocrx_word' id='word_1_207' title='bbox 900 2553 966 2628; x_wconf 90' lang='lat' dir='ltr'><strong>est,</strong></span> <span class='ocrx_word' id='word_1_208' title='bbox 988 2547 1075 2635; x_wconf 92' lang='lat' dir='ltr'><strong>quod</strong></span> <span class='ocrx_word' id='word_1_209' title='bbox 1106 2547 1198 2615; x_wconf 91' lang='lat' dir='ltr'><strong>multi</strong></span> <span class='ocrx_word' id='word_1_210' title='bbox 1229 2546 1271 2615; x_wconf 86' lang='lat' dir='ltr'><strong>ah</strong></span> <span class='ocrx_word' id='word_1_211' title='bbox 1292 2546 1347 2614; x_wconf 92' lang='lat' dir='ltr'><strong>illa</strong></span> <span class='ocrx_word' id='word_1_212' title='bbox 1378 2546 1449 2615; x_wconf 91' lang='lat' dir='ltr'><strong>lnce</strong></span> <span class='ocrx_word' id='word_1_213' title='bbox 1471 2547 1576 2615; x_wconf 88' lang='lat' dir='ltr'><strong>aversi</strong></span> <span class='ocrx_word' id='word_1_214' title='bbox 1607 2548 1710 2634; x_wconf 87' lang='lat' dir='ltr'><strong>magis</strong></span> <span class='ocrx_word' id='word_1_215' title='bbox 1739 2555 1771 2618; x_wconf 87' lang='lat' dir='ltr'><strong>ct</strong></span> 
     </span>
     <span class='ocr_line' id='line_1_21' title="bbox 274 2658 1771 2751; baseline 0.005 -27"><span class='ocrx_word' id='word_1_216' title='bbox 274 2658 369 2744; x_wconf 90' lang='lat' dir='ltr'><strong>plura</strong></span> <span class='ocrx_word' id='word_1_217' title='bbox 393 2660 501 2729; x_wconf 83' lang='lat' dir='ltr'><strong>rident</strong></span> <span class='ocrx_word' id='word_1_218' title='bbox 522 2679 619 2749; x_wconf 89' lang='lat' dir='ltr'><strong>quam</strong></span> <span class='ocrx_word' id='word_1_219' title='bbox 651 2661 810 2743; x_wconf 87' lang='lat' dir='ltr'><strong>conversi,</strong></span> <span class='ocrx_word' id='word_1_220' title='bbox 841 2668 874 2731; x_wconf 90' lang='lat' dir='ltr'><strong>et</strong></span> <span class='ocrx_word' id='word_1_221' title='bbox 895 2664 990 2751; x_wconf 90' lang='lat' dir='ltr'><strong>plura</strong></span> <span class='ocrx_word' id='word_1_222' title='bbox 1017 2668 1226 2751; x_wconf 87' lang='lat' dir='ltr'><strong>cognoscunt:</strong></span> <span class='ocrx_word' id='word_1_223' title='bbox 1250 2682 1327 2751; x_wconf 87' lang='lat' dir='ltr'><strong>erge</strong></span> <span class='ocrx_word' id='word_1_224' title='bbox 1349 2663 1404 2732; x_wconf 92' lang='lat' dir='ltr'><strong>illa</strong></span> <span class='ocrx_word' id='word_1_225' title='bbox 1427 2664 1486 2732; x_wconf 80' lang='lat' dir='ltr'><strong>lun</strong></span> <span class='ocrx_word' id='word_1_226' title='bbox 1517 2682 1579 2732; x_wconf 82' lang='lat' dir='ltr'><strong>rien</strong></span> <span class='ocrx_word' id='word_1_227' title='bbox 1608 2671 1659 2733; x_wconf 87' lang='lat' dir='ltr'><strong>est</strong></span> <span class='ocrx_word' id='word_1_228' title='bbox 1689 2664 1771 2732; x_wconf 90' lang='lat' dir='ltr'><strong>ratio</strong></span> 
     </span>
     <span class='ocr_line' id='line_1_22' title="bbox 275 2773 1211 2867; baseline 0.009 -28"><span class='ocrx_word' id='word_1_229' title='bbox 275 2773 414 2855; x_wconf 85' lang='lat' dir='ltr'><strong>videndi,</strong></span> <span class='ocrx_word' id='word_1_230' title='bbox 436 2793 494 2845; x_wconf 93' lang='lat' dir='ltr'><strong>nec</strong></span> <span class='ocrx_word' id='word_1_231' title='bbox 518 2776 549 2844; x_wconf 93' lang='lat' dir='ltr'><strong>in</strong></span> <span class='ocrx_word' id='word_1_232' title='bbox 573 2774 644 2846; x_wconf 87' lang='lat' dir='ltr'><strong>luce</strong></span> <span class='ocrx_word' id='word_1_233' title='bbox 667 2776 720 2845; x_wconf 91' lang='lat' dir='ltr'><strong>illa</strong></span> <span class='ocrx_word' id='word_1_234' title='bbox 744 2777 871 2846; x_wconf 88' lang='lat' dir='ltr'><strong>videtur</strong></span> <span class='ocrx_word' id='word_1_235' title='bbox 894 2778 1051 2867; x_wconf 90' lang='lat' dir='ltr'><strong>quidquid</strong></span> <span class='ocrx_word' id='word_1_236' title='bbox 1075 2778 1211 2847; x_wconf 86' lang='lat' dir='ltr'><strong>videtur.</strong></span> 
     </span>
    </p>

    <p class='ocr_par' dir='ltr' id='par_1_7' title="bbox 275 2890 1776 3325">
     <span class='ocr_line' id='line_1_23' title="bbox 363 2890 1774 2982; baseline 0.006 -25"><span class='ocrx_word' id='word_1_237' title='bbox 363 2892 395 2957; x_wconf 88' lang='lat'><strong>8.</strong></span> <span class='ocrx_word' id='word_1_238' title='bbox 419 2890 511 2972; x_wconf 85' lang='lat' dir='ltr'><strong>ltern,</strong></span> <span class='ocrx_word' id='word_1_239' title='bbox 536 2890 745 2979; x_wconf 84' lang='lat' dir='ltr'><strong>Philosophus</strong></span> <span class='ocrx_word' id='word_1_240' title='bbox 765 2894 906 2962; x_wconf 89' lang='lat' dir='ltr'><strong>secundo</strong></span> <span class='ocrx_word' id='word_1_241' title='bbox 929 2894 1198 2982; x_wconf 64' lang='lat' dir='ltr'><strong>hletaphysieam:</strong></span> <span class='ocrx_word' id='word_1_242' title='bbox 1227 2893 1340 2962; x_wconf 80' lang='lat' dir='ltr'><strong>«Sicut</strong></span> <span class='ocrx_word' id='word_1_243' title='bbox 1369 2914 1403 2964; x_wconf 92' lang='lat' dir='ltr'><strong>se</strong></span> <span class='ocrx_word' id='word_1_244' title='bbox 1419 2894 1537 2963; x_wconf 90' lang='lat' dir='ltr'><strong>hahent</strong></span> <span class='ocrx_word' id='word_1_245' title='bbox 1552 2894 1660 2963; x_wconf 83' lang='lat' dir='ltr'><strong>resad</strong></span> <span class='ocrx_word' id='word_1_246' title='bbox 1682 2896 1774 2979; x_wconf 70' lang='lat' dir='ltr'><strong>esse,</strong></span> 
     </span>
     <span class='ocr_line' id='line_1_24' title="bbox 275 3005 1773 3097; baseline 0.005 -25"><span class='ocrx_word' id='word_1_247' title='bbox 275 3005 318 3072; x_wconf 87' lang='lat' dir='ltr'><strong>ita</strong></span> <span class='ocrx_word' id='word_1_248' title='bbox 341 3024 376 3074; x_wconf 89' lang='lat' dir='ltr'><strong>se</strong></span> <span class='ocrx_word' id='word_1_249' title='bbox 399 3005 517 3074; x_wconf 88' lang='lat' dir='ltr'><strong>hahent</strong></span> <span class='ocrx_word' id='word_1_250' title='bbox 546 3006 587 3074; x_wconf 94' lang='lat' dir='ltr'><strong>ad</strong></span> <span class='ocrx_word' id='word_1_251' title='bbox 611 3007 871 3094; x_wconf 78' lang='lat' dir='ltr'><strong>cognitionem-3</strong></span> <span class='ocrx_word' id='word_1_252' title='bbox 902 3009 958 3078; x_wconf 87' lang='lat' dir='ltr'><strong>sed</strong></span> <span class='ocrx_word' id='word_1_253' title='bbox 981 3010 1023 3079; x_wconf 88' lang='lat' dir='ltr'><strong>ad</strong></span> <span class='ocrx_word' id='word_1_254' title='bbox 1046 3028 1116 3079; x_wconf 78' lang='lat' dir='ltr'><strong>esse</strong></span> <span class='ocrx_word' id='word_1_255' title='bbox 1138 3010 1255 3078; x_wconf 85' lang='lat' dir='ltr'><strong>snlhcit</strong></span> <span class='ocrx_word' id='word_1_256' title='bbox 1277 3010 1380 3078; x_wconf 87' lang='lat' dir='ltr'><strong>lorrna</strong></span> <span class='ocrx_word' id='word_1_257' title='bbox 1402 3017 1508 3079; x_wconf 86' lang='lat' dir='ltr'><strong>creata</strong></span> <span class='ocrx_word' id='word_1_258' title='bbox 1531 3029 1606 3079; x_wconf 87' lang='lat' dir='ltr'><strong>curn</strong></span> <span class='ocrx_word' id='word_1_259' title='bbox 1629 3011 1773 3097; x_wconf 90' lang='lat' dir='ltr'><strong>generali</strong></span> 
     </span>
     <span class='ocr_line' id='line_1_25' title="bbox 276 3121 1776 3216; baseline 0.006 -29"><span class='ocrx_word' id='word_1_260' title='bbox 276 3121 440 3189; x_wconf 86' lang='lat' dir='ltr'><strong>inlinentia</strong></span> <span class='ocrx_word' id='word_1_261' title='bbox 454 3122 628 3191; x_wconf 74' lang='lat' dir='ltr'><strong>creatoris:</strong></span> <span class='ocrx_word' id='word_1_262' title='bbox 645 3140 722 3210; x_wconf 88' lang='lat' dir='ltr'><strong>ergo</strong></span> <span class='ocrx_word' id='word_1_263' title='bbox 744 3124 889 3194; x_wconf 86' lang='lat' dir='ltr'><strong>sirniliter</strong></span> <span class='ocrx_word' id='word_1_264' title='bbox 911 3126 952 3193; x_wconf 90' lang='lat' dir='ltr'><strong>ad</strong></span> <span class='ocrx_word' id='word_1_265' title='bbox 968 3126 1194 3213; x_wconf 86' lang='lat' dir='ltr'><strong>cognitionem:</strong></span> <span class='ocrx_word' id='word_1_266' title='bbox 1218 3144 1374 3212; x_wconf 86' lang='lat' dir='ltr'><strong>ergeuen</strong></span> <span class='ocrx_word' id='word_1_267' title='bbox 1396 3132 1444 3194; x_wconf 89' lang='lat' dir='ltr'><strong>est</strong></span> <span class='ocrx_word' id='word_1_268' title='bbox 1468 3128 1648 3196; x_wconf 87' lang='lat' dir='ltr'><strong>necessaria</strong></span> <span class='ocrx_word' id='word_1_269' title='bbox 1661 3126 1776 3216; x_wconf 89' lang='lat' dir='ltr'><strong>aliqua</strong></span> 
     </span>
     <span class='ocr_line' id='line_1_26' title="bbox 275 3237 888 3325; baseline 0.008 -21"><span class='ocrx_word' id='word_1_270' title='bbox 275 3238 420 3325; x_wconf 85' lang='lat' dir='ltr'><strong>specialis</strong></span> <span class='ocrx_word' id='word_1_271' title='bbox 441 3237 606 3308; x_wconf 92' lang='lat' dir='ltr'><strong>intluentia</strong></span> <span class='ocrx_word' id='word_1_272' title='bbox 628 3238 709 3308; x_wconf 87' lang='lat' dir='ltr'><strong>lucis</strong></span> <span class='ocrx_word' id='word_1_273' title='bbox 731 3247 888 3309; x_wconf 87' lang='lat' dir='ltr'><strong>aeternae.</strong></span> 
     </span>
    </p>

    <p class='ocr_par' dir='ltr' id='par_1_8' title="bbox 275 3355 1779 3793">
     <span class='ocr_line' id='line_1_27' title="bbox 364 3355 1778 3447; baseline 0.003 -24"><span class='ocrx_word' id='word_1_274' title='bbox 364 3359 394 3423; x_wconf 84' lang='lat' dir='ltr'><strong>tl.</strong></span> <span class='ocrx_word' id='word_1_275' title='bbox 419 3355 511 3436; x_wconf 77' lang='lat' dir='ltr'><strong>ihm,</strong></span> <span class='ocrx_word' id='word_1_276' title='bbox 533 3356 727 3443; x_wconf 87' lang='lat' dir='ltr'><strong>hugnstinus</strong></span> <span class='ocrx_word' id='word_1_277' title='bbox 753 3375 836 3425; x_wconf 91' lang='lat' dir='ltr'><strong>nono</strong></span> <span class='ocrx_word' id='word_1_278' title='bbox 863 3357 903 3426; x_wconf 92' lang='lat' dir='ltr'><strong>de</strong></span> <span class='ocrx_word' id='word_1_279' title='bbox 918 3358 1079 3440; x_wconf 84' lang='lat' dir='ltr'><strong>Trinitate,</strong></span> <span class='ocrx_word' id='word_1_280' title='bbox 1102 3358 1241 3446; x_wconf 87' lang='lat' dir='ltr'><strong>capitulo</strong></span> <span class='ocrx_word' id='word_1_281' title='bbox 1263 3357 1396 3426; x_wconf 81' lang='lat' dir='ltr'><strong>tertin⁶z</strong></span> <span class='ocrx_word' id='word_1_282' title='bbox 1424 3359 1540 3427; x_wconf 79' lang='lat' dir='ltr'><strong>«Mens</strong></span> <span class='ocrx_word' id='word_1_283' title='bbox 1558 3357 1641 3427; x_wconf 91' lang='lat' dir='ltr'><strong>sicut</strong></span> <span class='ocrx_word' id='word_1_284' title='bbox 1662 3376 1778 3447; x_wconf 81' lang='lat' dir='ltr'><strong>corpo</strong></span> 
     </span>
     <span class='ocr_line' id='line_1_28' title="bbox 275 3473 1779 3562; baseline 0.005 -25"><span class='ocrx_word' id='word_1_285' title='bbox 275 3488 403 3539; x_wconf 89' lang='lat' dir='ltr'><strong>rearnm</strong></span> <span class='ocrx_word' id='word_1_286' title='bbox 421 3490 531 3540; x_wconf 88' lang='lat' dir='ltr'><strong>rerum</strong></span> <span class='ocrx_word' id='word_1_287' title='bbox 554 3473 697 3541; x_wconf 88' lang='lat' dir='ltr'><strong>notitiam</strong></span> <span class='ocrx_word' id='word_1_288' title='bbox 713 3491 772 3559; x_wconf 89' lang='lat' dir='ltr'><strong>per</strong></span> <span class='ocrx_word' id='word_1_289' title='bbox 793 3491 907 3541; x_wconf 88' lang='lat' dir='ltr'><strong>sensus</strong></span> <span class='ocrx_word' id='word_1_290' title='bbox 921 3473 1063 3561; x_wconf 89' lang='lat' dir='ltr'><strong>corporis</strong></span> <span class='ocrx_word' id='word_1_291' title='bbox 1078 3474 1210 3561; x_wconf 81' lang='lat' dir='ltr'><strong>colligit,</strong></span> <span class='ocrx_word' id='word_1_292' title='bbox 1230 3474 1273 3542; x_wconf 90' lang='lat' dir='ltr'><strong>ita</strong></span> <span class='ocrx_word' id='word_1_293' title='bbox 1300 3474 1559 3562; x_wconf 89' lang='lat' dir='ltr'><strong>inmrpnrearum</strong></span> <span class='ocrx_word' id='word_1_294' title='bbox 1575 3492 1634 3562; x_wconf 91' lang='lat' dir='ltr'><strong>per</strong></span> <span class='ocrx_word' id='word_1_295' title='bbox 1658 3483 1779 3544; x_wconf 85' lang='lat' dir='ltr'><strong>scuret-</strong></span> 
     </span>
     <span class='ocr_line' id='line_1_29' title="bbox 275 3584 1778 3677; baseline 0.005 -26"><span class='ocrx_word' id='word_1_296' title='bbox 275 3584 387 3672; x_wconf 89' lang='lat' dir='ltr'><strong>ipsam,</strong></span> <span class='ocrx_word' id='word_1_297' title='bbox 410 3606 485 3656; x_wconf 83' lang='lat' dir='ltr'><strong>curn</strong></span> <span class='ocrx_word' id='word_1_298' title='bbox 515 3586 557 3655; x_wconf 90' lang='lat' dir='ltr'><strong>sit</strong></span> <span class='ocrx_word' id='word_1_299' title='bbox 591 3588 819 3675; x_wconf 73' lang='lat' dir='ltr'><strong>incorporea-3</strong></span> <span class='ocrx_word' id='word_1_300' title='bbox 842 3588 898 3657; x_wconf 88' lang='lat' dir='ltr'><strong>sed</strong></span> <span class='ocrx_word' id='word_1_301' title='bbox 929 3589 956 3657; x_wconf 89' lang='lat' dir='ltr'><strong>si</strong></span> <span class='ocrx_word' id='word_1_302' title='bbox 980 3589 1135 3677; x_wconf 89' lang='lat' dir='ltr'><strong>indigeret</strong></span> <span class='ocrx_word' id='word_1_303' title='bbox 1156 3587 1261 3657; x_wconf 91' lang='lat' dir='ltr'><strong>aliene</strong></span> <span class='ocrx_word' id='word_1_304' title='bbox 1284 3589 1334 3658; x_wconf 79' lang='lat' dir='ltr'><strong>uel</strong></span> <span class='ocrx_word' id='word_1_305' title='bbox 1363 3589 1522 3677; x_wconf 87' lang='lat' dir='ltr'><strong>superiori</strong></span> <span class='ocrx_word' id='word_1_306' title='bbox 1546 3589 1688 3671; x_wconf 82' lang='lat' dir='ltr'><strong>auxilio,</strong></span> <span class='ocrx_word' id='word_1_307' title='bbox 1707 3609 1778 3659; x_wconf 91' lang='lat' dir='ltr'><strong>nou</strong></span> 
     </span>
     <span class='ocr_line' id='line_1_30' title="bbox 275 3704 1408 3793; baseline 0.002 -23"><span class='ocrx_word' id='word_1_308' title='bbox 275 3722 332 3790; x_wconf 80' lang='lat' dir='ltr'><strong>per</strong></span> <span class='ocrx_word' id='word_1_309' title='bbox 355 3704 558 3791; x_wconf 85' lang='lat' dir='ltr'><strong>semetipsam</strong></span> <span class='ocrx_word' id='word_1_310' title='bbox 581 3712 798 3791; x_wconf 90' lang='lat' dir='ltr'><strong>cognosceret:</strong></span> <span class='ocrx_word' id='word_1_311' title='bbox 822 3725 899 3793; x_wconf 90' lang='lat' dir='ltr'><strong>ergo</strong></span> <span class='ocrx_word' id='word_1_312' title='bbox 921 3705 1025 3774; x_wconf 91' lang='lat' dir='ltr'><strong>altiori</strong></span> <span class='ocrx_word' id='word_1_313' title='bbox 1047 3706 1169 3774; x_wconf 82' lang='lat' dir='ltr'><strong>auxilie</strong></span> <span class='ocrx_word' id='word_1_314' title='bbox 1192 3724 1255 3774; x_wconf 92' lang='lat' dir='ltr'><strong>nnn</strong></span> <span class='ocrx_word' id='word_1_315' title='bbox 1280 3706 1408 3793; x_wconf 90' lang='lat' dir='ltr'><strong>indiget.</strong></span> 
     </span>
    </p>

    <p class='ocr_par' dir='ltr' id='par_1_9' title="bbox 367 3801 1779 3910">
     <span class='ocr_line' id='line_1_31' title="bbox 367 3801 1779 3910; baseline 0.003 -23"><span class='ocrx_word' id='word_1_316' title='bbox 367 3822 417 3888; x_wconf 90' lang='lat' dir='ltr'><strong>l0.</strong></span> <span class='ocrx_word' id='word_1_317' title='bbox 433 3819 520 3901; x_wconf 83' lang='lat' dir='ltr'><strong>ltern,</strong></span> <span class='ocrx_word' id='word_1_318' title='bbox 536 3820 621 3889; x_wconf 90' lang='lat' dir='ltr'><strong>idem</strong></span> <span class='ocrx_word' id='word_1_319' title='bbox 637 3820 827 3890; x_wconf 84' lang='lat' dir='ltr'><strong>duodecimo</strong></span> <span class='ocrx_word' id='word_1_320' title='bbox 842 3821 882 3891; x_wconf 87' lang='lat' dir='ltr'><strong>de</strong></span> <span class='ocrx_word' id='word_1_321' title='bbox 898 3822 1060 3904; x_wconf 74' lang='lat' dir='ltr'><strong>Trinium,</strong></span> <span class='ocrx_word' id='word_1_322' title='bbox 1074 3801 1218 3910; x_wconf 80' lang='lat' dir='ltr'><strong>capitulo</strong></span> <span class='ocrx_word' id='word_1_323' title='bbox 1229 3822 1488 3910; x_wconf 75' lang='lat' dir='ltr'><strong>decirnequlntn&#39;</strong></span> <span class='ocrx_word' id='word_1_324' title='bbox 1504 3821 1590 3903; x_wconf 90' lang='lat' dir='ltr'><strong>dicit,</strong></span> <span class='ocrx_word' id='word_1_325' title='bbox 1606 3821 1695 3910; x_wconf 90' lang='lat' dir='ltr'><strong>quod</strong></span> <span class='ocrx_word' id='word_1_326' title='bbox 1712 3822 1779 3891; x_wconf 88' lang='lat' dir='ltr'><strong>ista</strong></span> 
     </span>
    </p>
   </div>
   <div class='ocr_carea' id='block_1_3' title="bbox 272 4134 1781 5090">
    <p class='ocr_par' dir='ltr' id='par_1_10' title="bbox 364 4134 1778 4207">
     <span class='ocr_line' id='line_1_32' title="bbox 364 4134 1778 4207; baseline 0.004 -18"><span class='ocrx_word' id='word_1_327' title='bbox 364 4136 372 4171; x_wconf 90' lang='lat'>¹</span> <span class='ocrx_word' id='word_1_328' title='bbox 394 4137 413 4189; x_wconf 99' lang='grc' dir='ltr'><strong>Β</strong></span> <span class='ocrx_word' id='word_1_329' title='bbox 431 4138 563 4204; x_wconf 88' lang='lat' dir='ltr'><strong>snperllue</strong></span> <span class='ocrx_word' id='word_1_330' title='bbox 576 4136 662 4191; x_wconf 87' lang='lat' dir='ltr'><strong>addit:</strong></span> <span class='ocrx_word' id='word_1_331' title='bbox 675 4150 745 4207; x_wconf 82' lang='lat' dir='ltr'><strong>qrcnc</strong></span> <span class='ocrx_word' id='word_1_332' title='bbox 756 4149 812 4190; x_wconf 78' lang='lat' dir='ltr'><strong>rann</strong></span> <span class='ocrx_word' id='word_1_333' title='bbox 824 4135 957 4191; x_wconf 67' lang='lat' dir='ltr'><strong>recedunt</strong></span> <span class='ocrx_word' id='word_1_334' title='bbox 969 4135 1125 4205; x_wconf 75' lang='lat' dir='ltr'><strong>snamlmlcm</strong></span> <span class='ocrx_word' id='word_1_335' title='bbox 1138 4139 1269 4204; x_wconf 85' lang='lat' dir='ltr'><strong>nnlurue,</strong></span> <span class='ocrx_word' id='word_1_336' title='bbox 1283 4141 1309 4191; x_wconf 87' lang='lat' dir='ltr'><strong>et</strong></span> <span class='ocrx_word' id='word_1_337' title='bbox 1321 4143 1380 4204; x_wconf 89' lang='lat' dir='ltr'><strong>post</strong></span> <span class='ocrx_word' id='word_1_338' title='bbox 1391 4134 1524 4207; x_wconf 68' lang='lat' dir='ltr'><strong>nephtalin</strong></span> <span class='ocrx_word' id='word_1_339' title='bbox 1535 4138 1630 4191; x_wconf 84' lang='lat' dir='ltr'><strong>ontlttlt</strong></span> <span class='ocrx_word' id='word_1_340' title='bbox 1641 4150 1672 4192; x_wconf 76' lang='lat' dir='ltr'><strong>se</strong></span> <span class='ocrx_word' id='word_1_341' title='bbox 1683 4134 1778 4195; x_wconf 73' lang='lat' dir='ltr'><strong>iudet.</strong></span> 
     </span>
    </p>

    <p class='ocr_par' dir='ltr' id='par_1_11' title="bbox 362 4233 1545 4307">
     <span class='ocr_line' id='line_1_33' title="bbox 362 4233 1545 4307; baseline 0.001 -19"><span class='ocrx_word' id='word_1_342' title='bbox 362 4235 374 4270; x_wconf 79' lang='lat'><strong>²</strong></span> <span class='ocrx_word' id='word_1_343' title='bbox 393 4237 412 4288; x_wconf 93' lang='grc' dir='ltr'><strong>Β</strong></span> <span class='ocrx_word' id='word_1_344' title='bbox 430 4237 524 4290; x_wconf 91' lang='lat' dir='ltr'><strong>omittit</strong></span> <span class='ocrx_word' id='word_1_345' title='bbox 541 4234 737 4291; x_wconf 77' lang='lat' dir='ltr'><strong>itlrllectitnm.</strong></span> <span class='ocrx_word' id='word_1_346' title='bbox 756 4233 829 4289; x_wconf 86' lang='lat' dir='ltr'><strong>Circa</strong></span> <span class='ocrx_word' id='word_1_347' title='bbox 849 4235 927 4289; x_wconf 89' lang='lat' dir='ltr'><strong>llnern</strong></span> <span class='ocrx_word' id='word_1_348' title='bbox 946 4238 1093 4302; x_wconf 86' lang='lat' dir='ltr'><strong>argumenti</strong></span> <span class='ocrx_word' id='word_1_349' title='bbox 1111 4240 1171 4289; x_wconf 75' lang='lat' dir='ltr'><strong>num</strong></span> <span class='ocrx_word' id='word_1_350' title='bbox 1189 4237 1275 4307; x_wconf 83' lang='lat' dir='ltr'><strong>puteal</strong></span> <span class='ocrx_word' id='word_1_351' title='bbox 1293 4236 1312 4287; x_wconf 95' lang='grc' dir='ltr'><strong>Β</strong></span> <span class='ocrx_word' id='word_1_352' title='bbox 1330 4235 1403 4290; x_wconf 87' lang='lat' dir='ltr'><strong>addit</strong></span> <span class='ocrx_word' id='word_1_353' title='bbox 1419 4233 1545 4305; x_wconf 67' lang='lat' dir='ltr'><strong>polemio.</strong></span> 
     </span>
    </p>

    <p class='ocr_par' dir='ltr' id='par_1_12' title="bbox 362 4331 558 4404">
     <span class='ocr_line' id='line_1_34' title="bbox 362 4331 558 4404; baseline -0.005 -16"><span class='ocrx_word' id='word_1_354' title='bbox 362 4333 374 4370; x_wconf 80' lang='lat'>³</span> <span class='ocrx_word' id='word_1_355' title='bbox 392 4333 412 4388; x_wconf 86' lang='lat' dir='ltr'>C</span> <span class='ocrx_word' id='word_1_356' title='bbox 429 4347 459 4389; x_wconf 85' lang='lat' dir='ltr'><strong>en</strong></span> <span class='ocrx_word' id='word_1_357' title='bbox 478 4331 558 4404; x_wconf 87' lang='lat' dir='ltr'><strong>qnod.</strong></span> 
     </span>
    </p>

    <p class='ocr_par' dir='ltr' id='par_1_13' title="bbox 363 4430 1679 4511">
     <span class='ocr_line' id='line_1_35' title="bbox 363 4430 1679 4511; baseline -0.001 -26"><span class='ocrx_word' id='word_1_358' title='bbox 363 4432 374 4469; x_wconf 83' lang='lat'>⁴</span> <span class='ocrx_word' id='word_1_359' title='bbox 393 4434 412 4485; x_wconf 95' lang='grc' dir='ltr'><strong>Β</strong></span> <span class='ocrx_word' id='word_1_360' title='bbox 432 4431 594 4500; x_wconf 70' lang='lat' dir='ltr'><strong>uiderentur,</strong></span> <span class='ocrx_word' id='word_1_361' title='bbox 615 4439 642 4487; x_wconf 89' lang='lat' dir='ltr'><strong>ct</strong></span> <span class='ocrx_word' id='word_1_362' title='bbox 659 4432 754 4486; x_wconf 83' lang='lat' dir='ltr'><strong>‹leirrde</strong></span> <span class='ocrx_word' id='word_1_363' title='bbox 772 4431 822 4486; x_wconf 89' lang='lat' dir='ltr'><strong>sthi</strong></span> <span class='ocrx_word' id='word_1_364' title='bbox 841 4439 961 4487; x_wconf 77' lang='lat' dir='ltr'><strong>crinsmns</strong></span> <span class='ocrx_word' id='word_1_365' title='bbox 981 4430 1098 4487; x_wconf 76' lang='lat' dir='ltr'><strong>silerent</strong></span> <span class='ocrx_word' id='word_1_366' title='bbox 1115 4440 1175 4499; x_wconf 89' lang='lat' dir='ltr'><strong>post</strong></span> <span class='ocrx_word' id='word_1_367' title='bbox 1191 4430 1287 4502; x_wconf 79' lang='lat' dir='ltr'><strong>mugla.</strong></span> <span class='ocrx_word' id='word_1_368' title='bbox 1659 4496 1679 4511; x_wconf 22' lang='grc'><strong>,-</strong></span> 
     </span>
    </p>

    <p class='ocr_par' dir='ltr' id='par_1_14' title="bbox 272 4528 1774 4698">
     <span class='ocr_line' id='line_1_36' title="bbox 362 4528 1774 4601; baseline 0.003 -16"><span class='ocrx_word' id='word_1_369' title='bbox 362 4531 374 4568; x_wconf 76' lang='lat'><strong>⁶</strong></span> <span class='ocrx_word' id='word_1_370' title='bbox 393 4533 465 4585; x_wconf 78' lang='lat' dir='ltr'><strong>Text.</strong></span> <span class='ocrx_word' id='word_1_371' title='bbox 486 4531 509 4584; x_wconf 82' lang='lat' dir='ltr'><strong>i.</strong></span> <span class='ocrx_word' id='word_1_372' title='bbox 530 4532 565 4597; x_wconf 93' lang='lat' dir='ltr'><strong>(l.</strong></span> <span class='ocrx_word' id='word_1_373' title='bbox 584 4531 697 4584; x_wconf 82' lang='lat' dir='ltr'><strong>hruvinr.</strong></span> <span class='ocrx_word' id='word_1_374' title='bbox 716 4546 739 4584; x_wconf 91' lang='lat' dir='ltr'><strong>c.</strong></span> <span class='ocrx_word' id='word_1_375' title='bbox 763 4532 812 4601; x_wconf 84' lang='lat' dir='ltr'><strong>l.):</strong></span> <span class='ocrx_word' id='word_1_376' title='bbox 838 4532 933 4599; x_wconf 80' lang='lat' dir='ltr'><strong>erare,</strong></span> <span class='ocrx_word' id='word_1_377' title='bbox 952 4536 981 4584; x_wconf 91' lang='lat' dir='ltr'><strong>ut</strong></span> <span class='ocrx_word' id='word_1_378' title='bbox 999 4530 1144 4584; x_wconf 75' lang='lat' dir='ltr'><strong>secumdum</strong></span> <span class='ocrx_word' id='word_1_379' title='bbox 1162 4544 1221 4583; x_wconf 78' lang='lat' dir='ltr'><strong>esse</strong></span> <span class='ocrx_word' id='word_1_380' title='bbox 1239 4528 1449 4599; x_wconf 88' lang='lat' dir='ltr'><strong>unumquodque</strong></span> <span class='ocrx_word' id='word_1_381' title='bbox 1467 4544 1496 4583; x_wconf 83' lang='lat' dir='ltr'><strong>se</strong></span> <span class='ocrx_word' id='word_1_382' title='bbox 1514 4530 1606 4599; x_wconf 72' lang='lat' dir='ltr'><strong>liniant,</strong></span> <span class='ocrx_word' id='word_1_383' title='bbox 1630 4532 1664 4585; x_wconf 87' lang='lat' dir='ltr'><strong>lta</strong></span> <span class='ocrx_word' id='word_1_384' title='bbox 1689 4535 1774 4589; x_wconf 85' lang='lat' dir='ltr'><strong>etiarn</strong></span> 
     </span>
     <span class='ocr_line' id='line_1_37' title="bbox 272 4614 1262 4698; baseline -0.003 -13"><span class='ocrx_word' id='word_1_385' title='bbox 272 4632 419 4685; x_wconf 70' lang='lat' dir='ltr'><strong>mortridum</strong></span> <span class='ocrx_word' id='word_1_386' title='bbox 438 4632 573 4684; x_wconf 76' lang='lat' dir='ltr'><strong>veritatem</strong></span> <span class='ocrx_word' id='word_1_387' title='bbox 593 4629 649 4696; x_wconf 84' lang='lat' dir='ltr'><strong>(etr.</strong></span> <span class='ocrx_word' id='word_1_388' title='bbox 669 4632 734 4683; x_wconf 86' lang='lat' dir='ltr'><strong>inira</strong></span> <span class='ocrx_word' id='word_1_389' title='bbox 753 4645 779 4698; x_wconf 94' lang='lat' dir='ltr'><strong>q.</strong></span> <span class='ocrx_word' id='word_1_390' title='bbox 800 4632 824 4683; x_wconf 80' lang='grc' dir='ltr'><strong>Β.</strong></span> <span class='ocrx_word' id='word_1_391' title='bbox 843 4645 899 4697; x_wconf 85' lang='lat' dir='ltr'><strong>arg.</strong></span> <span class='ocrx_word' id='word_1_392' title='bbox 919 4629 943 4682; x_wconf 81' lang='lat' dir='ltr'><strong>l.</strong></span> <span class='ocrx_word' id='word_1_393' title='bbox 963 4645 1012 4697; x_wconf 89' lang='lat' dir='ltr'><strong>pro</strong></span> <span class='ocrx_word' id='word_1_394' title='bbox 1031 4638 1104 4696; x_wconf 79' lang='lat' dir='ltr'><strong>parm</strong></span> <span class='ocrx_word' id='word_1_395' title='bbox 1123 4614 1262 4695; x_wconf 73' lang='lat' dir='ltr'><strong>affirmat).</strong></span> 
     </span>
    </p>

    <p class='ocr_par' dir='ltr' id='par_1_15' title="bbox 272 4725 1778 4990">
     <span class='ocr_line' id='line_1_38' title="bbox 361 4725 1778 4797; baseline 0.002 -16"><span class='ocrx_word' id='word_1_396' title='bbox 361 4730 374 4764; x_wconf 80' lang='lat'>⁶</span> <span class='ocrx_word' id='word_1_397' title='bbox 392 4730 468 4781; x_wconf 72' lang='lat' dir='ltr'><strong>Num.</strong></span> <span class='ocrx_word' id='word_1_398' title='bbox 488 4728 512 4780; x_wconf 81' lang='grc'><strong>3.</strong></span> <span class='ocrx_word' id='word_1_399' title='bbox 531 4728 558 4780; x_wconf 94' lang='lat' dir='ltr'><strong>ln</strong></span> <span class='ocrx_word' id='word_1_400' title='bbox 576 4732 646 4779; x_wconf 81' lang='lat' dir='ltr'><strong>textu</strong></span> <span class='ocrx_word' id='word_1_401' title='bbox 665 4728 784 4793; x_wconf 85' lang='lat' dir='ltr'><strong>originali</strong></span> <span class='ocrx_word' id='word_1_402' title='bbox 803 4734 862 4794; x_wconf 76' lang='lat' dir='ltr'><strong>pust</strong></span> <span class='ocrx_word' id='word_1_403' title='bbox 873 4726 976 4797; x_wconf 73' lang='lat' dir='ltr'><strong>compat</strong></span> <span class='ocrx_word' id='word_1_404' title='bbox 987 4729 1025 4781; x_wconf 86' lang='lat' dir='ltr'><strong>sic</strong></span> <span class='ocrx_word' id='word_1_405' title='bbox 1038 4727 1219 4780; x_wconf 79' lang='lat' dir='ltr'><strong>rnndnuatnr:</strong></span> <span class='ocrx_word' id='word_1_406' title='bbox 1232 4725 1270 4782; x_wconf 80' lang='lat' dir='ltr'><strong>sic</strong></span> <span class='ocrx_word' id='word_1_407' title='bbox 1282 4725 1507 4796; x_wconf 84' lang='lat' dir='ltr'><strong>incmporeurum</strong></span> <span class='ocrx_word' id='word_1_408' title='bbox 1521 4740 1575 4797; x_wconf 78' lang='lat' dir='ltr'><strong>prr</strong></span> <span class='ocrx_word' id='word_1_409' title='bbox 1592 4726 1778 4797; x_wconf 65' lang='lat' dir='ltr'><strong>mapsam</strong></span> 
     </span>
     <span class='ocr_line' id='line_1_39' title="bbox 272 4823 1778 4898; baseline 0.001 -17"><span class='ocrx_word' id='word_1_410' title='bbox 272 4827 346 4896; x_wconf 83' lang='lat' dir='ltr'><strong>Erpn</strong></span> <span class='ocrx_word' id='word_1_411' title='bbox 365 4829 390 4881; x_wconf 87' lang='lat' dir='ltr'><strong>ct</strong></span> <span class='ocrx_word' id='word_1_412' title='bbox 407 4824 577 4896; x_wconf 78' lang='lat' dir='ltr'><strong>umrtrtipanm</strong></span> <span class='ocrx_word' id='word_1_413' title='bbox 594 4839 645 4895; x_wconf 87' lang='lat' dir='ltr'><strong>per</strong></span> <span class='ocrx_word' id='word_1_414' title='bbox 662 4840 690 4880; x_wconf 84' lang='lat' dir='ltr'><strong>se</strong></span> <span class='ocrx_word' id='word_1_415' title='bbox 708 4824 796 4896; x_wconf 84' lang='lat' dir='ltr'><strong>ipsunt</strong></span> <span class='ocrx_word' id='word_1_416' title='bbox 814 4825 902 4893; x_wconf 84' lang='lat' dir='ltr'><strong>norit,</strong></span> <span class='ocrx_word' id='word_1_417' title='bbox 924 4824 1054 4896; x_wconf 80' lang='lat' dir='ltr'><strong>quonium</strong></span> <span class='ocrx_word' id='word_1_418' title='bbox 1072 4827 1111 4879; x_wconf 85' lang='lat' dir='ltr'><strong>est</strong></span> <span class='ocrx_word' id='word_1_419' title='bbox 1129 4823 1297 4896; x_wconf 80' lang='lat' dir='ltr'><strong>irteorporen</strong></span> <span class='ocrx_word' id='word_1_420' title='bbox 1317 4826 1387 4879; x_wconf 83' lang='lat' dir='ltr'><strong>llaec</strong></span> <span class='ocrx_word' id='word_1_421' title='bbox 1405 4824 1504 4879; x_wconf 84' lang='lat' dir='ltr'><strong>additio</strong></span> <span class='ocrx_word' id='word_1_422' title='bbox 1531 4832 1571 4880; x_wconf 84' lang='lat' dir='ltr'><strong>est</strong></span> <span class='ocrx_word' id='word_1_423' title='bbox 1599 4828 1678 4881; x_wconf 85' lang='lat' dir='ltr'><strong>etiam</strong></span> <span class='ocrx_word' id='word_1_424' title='bbox 1699 4828 1727 4881; x_wconf 90' lang='lat' dir='ltr'><strong>in</strong></span> <span class='ocrx_word' id='word_1_425' title='bbox 1747 4826 1778 4898; x_wconf 85' lang='lat' dir='ltr'><strong>C,</strong></span> 
     </span>
     <span class='ocr_line' id='line_1_40' title="bbox 273 4925 496 4990; baseline 0.009 -16"><span class='ocrx_word' id='word_1_426' title='bbox 273 4926 364 4990; x_wconf 74' lang='lat' dir='ltr'><strong>piraticis</strong></span> <span class='ocrx_word' id='word_1_427' title='bbox 383 4925 496 4978; x_wconf 73' lang='lat' dir='ltr'><strong>tnttttrtls</strong></span> 
     </span>
    </p>

    <p class='ocr_par' dir='ltr' id='par_1_16' title="bbox 361 5020 1781 5090">
     <span class='ocr_line' id='line_1_41' title="bbox 361 5020 1781 5090; baseline 0.004 -17"><span class='ocrx_word' id='word_1_428' title='bbox 361 5021 373 5057; x_wconf 88' lang='lat'>⁷</span> <span class='ocrx_word' id='word_1_429' title='bbox 391 5022 467 5074; x_wconf 78' lang='lat' dir='ltr'><strong>Num.</strong></span> <span class='ocrx_word' id='word_1_430' title='bbox 487 5020 529 5074; x_wconf 71' lang='lat' dir='ltr'><strong>il.</strong></span> <span class='ocrx_word' id='word_1_431' title='bbox 548 5050 583 5060; x_wconf 91' lang='lat'><strong>—</strong></span> <span class='ocrx_word' id='word_1_432' title='bbox 602 5022 723 5075; x_wconf 85' lang='lat' dir='ltr'><strong>Similiter·</strong></span> <span class='ocrx_word' id='word_1_433' title='bbox 741 5021 757 5074; x_wconf 96' lang='lat' dir='ltr'><strong>l.</strong></span> <span class='ocrx_word' id='word_1_434' title='bbox 777 5023 901 5089; x_wconf 86' lang='lat' dir='ltr'><strong>Snlilnqu.</strong></span> <span class='ocrx_word' id='word_1_435' title='bbox 914 5034 937 5074; x_wconf 86' lang='lat' dir='ltr'><strong>c.</strong></span> <span class='ocrx_word' id='word_1_436' title='bbox 959 5022 984 5074; x_wconf 85' lang='grc' dir='ltr'><strong>Β.</strong></span> <span class='ocrx_word' id='word_1_437' title='bbox 1008 5036 1032 5074; x_wconf 94' lang='lat' dir='ltr'><strong>n.</strong></span> <span class='ocrx_word' id='word_1_438' title='bbox 1060 5022 1098 5074; x_wconf 77' lang='lat' dir='ltr'><strong>td.</strong></span> <span class='ocrx_word' id='word_1_439' title='bbox 1130 5021 1293 5087; x_wconf 60' lang='lat' dir='ltr'><strong>tlttgustinuu</strong></span> <span class='ocrx_word' id='word_1_440' title='bbox 1310 5020 1402 5074; x_wconf 74' lang='lat' dir='ltr'><strong>lineet:</strong></span> <span class='ocrx_word' id='word_1_441' title='bbox 1425 5022 1493 5075; x_wconf 81' lang='lat' dir='ltr'><strong>«llln</strong></span> <span class='ocrx_word' id='word_1_442' title='bbox 1506 5034 1575 5090; x_wconf 85' lang='lat' dir='ltr'><strong>quac</strong></span> <span class='ocrx_word' id='word_1_443' title='bbox 1588 5022 1614 5073; x_wconf 90' lang='lat' dir='ltr'><strong>ln</strong></span> <span class='ocrx_word' id='word_1_444' title='bbox 1627 5020 1781 5089; x_wconf 78' lang='lat' dir='ltr'><strong>dlstlplinis</strong></span> 
     </span>
    </p>
   </div>
   <div class='ocr_carea' id='block_1_4' title="bbox 185 5118 1780 5193">
    <p class='ocr_par' dir='ltr' id='par_1_17' title="bbox 185 5118 1780 5193">
     <span class='ocr_line' id='line_1_42' title="bbox 185 5118 1780 5193; baseline 0.003 -22"><span class='ocrx_word' id='word_1_445' title='bbox 185 5126 188 5132; x_wconf 82' lang='lat'>&#39;</span> <span class='ocrx_word' id='word_1_446' title='bbox 273 5119 411 5173; x_wconf 88' lang='lat' dir='ltr'><strong>traduntur</strong></span> <span class='ocrx_word' id='word_1_447' title='bbox 430 5120 520 5186; x_wconf 84' lang='lat' dir='ltr'><strong>(paulo</strong></span> <span class='ocrx_word' id='word_1_448' title='bbox 539 5128 599 5173; x_wconf 89' lang='lat' dir='ltr'><strong>ante</strong></span> <span class='ocrx_word' id='word_1_449' title='bbox 617 5134 647 5172; x_wconf 86' lang='lat' dir='ltr'><strong>ua</strong></span> <span class='ocrx_word' id='word_1_450' title='bbox 667 5122 773 5174; x_wconf 74' lang='lat' dir='ltr'><strong>vocarit</strong></span> <span class='ocrx_word' id='word_1_451' title='bbox 790 5118 997 5193; x_wconf 80' lang='lat' dir='ltr'><strong>disciplinarum</strong></span> <span class='ocrx_word' id='word_1_452' title='bbox 1016 5118 1191 5192; x_wconf 81' lang='lat' dir='ltr'><strong>speclnntinn)</strong></span> <span class='ocrx_word' id='word_1_453' title='bbox 1205 5134 1257 5173; x_wconf 91' lang='lat' dir='ltr'><strong>non</strong></span> <span class='ocrx_word' id='word_1_454' title='bbox 1271 5133 1349 5189; x_wconf 72' lang='lat' dir='ltr'><strong>grosse</strong></span> <span class='ocrx_word' id='word_1_455' title='bbox 1367 5119 1489 5188; x_wconf 81' lang='lat' dir='ltr'><strong>littelligl,</strong></span> <span class='ocrx_word' id='word_1_456' title='bbox 1509 5120 1558 5173; x_wconf 88' lang='lat' dir='ltr'><strong>nisi</strong></span> <span class='ocrx_word' id='word_1_457' title='bbox 1576 5118 1611 5173; x_wconf 87' lang='lat' dir='ltr'><strong>ah</strong></span> <span class='ocrx_word' id='word_1_458' title='bbox 1629 5119 1681 5175; x_wconf 90' lang='lat' dir='ltr'><strong>ulio</strong></span> <span class='ocrx_word' id='word_1_459' title='bbox 1698 5124 1780 5191; x_wconf 79' lang='lat' dir='ltr'><strong>quusi</strong></span> 
     </span>
    </p>
   </div>
   <div class='ocr_carea' id='block_1_5' title="bbox 272 5219 608 5275">
    <p class='ocr_par' dir='ltr' id='par_1_18' title="bbox 272 5219 608 5275">
     <span class='ocr_line' id='line_1_43' title="bbox 272 5219 608 5275; baseline -0.009 0"><span class='ocrx_word' id='word_1_460' title='bbox 272 5232 321 5275; x_wconf 79' lang='lat' dir='ltr'><strong>siro</strong></span> <span class='ocrx_word' id='word_1_461' title='bbox 340 5219 394 5274; x_wconf 86' lang='lat' dir='ltr'><strong>sole</strong></span> <span class='ocrx_word' id='word_1_462' title='bbox 412 5219 608 5272; x_wconf 80' lang='lat' dir='ltr'><strong>illustrentur».</strong></span> 
     </span>
    </p>
   </div>
   <div class='ocr_carea' id='block_1_6' title="bbox 0 0 1943 6484">
    <p class='ocr_par' dir='ltr' id='par_1_19' title="bbox 0 0 1943 6484">
     <span class='ocr_line' id='line_1_44' title="bbox 0 0 1943 6484; baseline 0 0"><span class='ocrx_word' id='word_1_463' title='bbox 0 0 1943 6484; x_wconf 95' lang='lat' dir='ltr'><strong> </strong></span> 
     </span>
    </p>
   </div>
  </div>
 </body>
</html>
