3870 6488
303 334 365 402 too
804 351 955 411 enumero
977 350 1149 403 nrsrcuurs
1173 351 1290 410 curura

299 478 367 546 tulo
390 476 493 564 primo
517 478 547 546 in
573 476 656 560 duc,
679 476 733 545 ubi
758 475 851 558 dicit,
875 476 961 564 quod
986 476 1011 544 si
1035 484 1200 545 crearetur
1223 493 1309 544 unus
1332 474 1428 543 domo
1450 492 1627 563 suspensus
1650 474 1682 542 in
1703 474 1800 555 aere,

299 594 343 661 ita
365 592 449 681 quod
474 593 544 661 eins
568 592 713 661 rnerubra
734 598 840 661 essent
861 592 990 660 omnino
1013 591 1178 674 distincta,
1200 608 1258 659 nec
1280 608 1316 659 se
1337 589 1446 679 aliquo
1460 589 1556 659 modo
1570 590 1802 676 contingerent,

300 727 358 776 nco
380 708 501 797 aliquid
524 708 652 775 omnino
675 708 823 789 sentiret,
846 726 909 774 non
933 707 1093 775 dubitaret
1115 705 1277 775 aidrmere
1293 722 1327 774 se
1349 722 1439 787 essm
1460 711 1579 793 etpost
1600 705 1691 786 dicit,
1710 705 1801 793 quod

306 843 396 893 «non
420 831 490 912 eget
512 842 646 913 corpore
669 823 710 893 ad
735 822 812 905 irco,
837 830 872 891 ut
894 823 974 893 sciat
995 823 1135 892 animam
1157 829 1190 893 ct
1211 821 1366 911 percipiat
1388 839 1503 891 eamr:
1526 839 1604 911 crgo
1626 828 1686 890 etc.

930 1054 1167 1124 RESPONDEO:

390 1285 435 1354 dd
460 1286 551 1356 istius
573 1287 766 1375 quaestionis
790 1287 1028 1373 inteiligentiam
1063 1286 1316 1373 praenotandum
1350 1293 1417 1368 est,
1438 1285 1526 1374 quod
1554 1283 1732 1375 tripliciter
1754 1285 1805 1355 di-

301 1404 385 1472 citur
407 1402 528 1491 aliquid
552 1404 717 1491 cognosci,
742 1403 792 1471 uei
817 1402 934 1490 triplex
959 1402 999 1472 de
1022 1401 1131 1490 atiquo
1153 1409 1256 1490 potest
1289 1403 1427 1490 cognitio
1461 1402 1572 1471 haberi
1588 1403 1609 1468 ¹.
1639 1401 1806 1489 Contingit

302 1521 386 1587 cuim
410 1518 531 1607 aliquid
555 1519 699 1606 cognosci
724 1536 781 1606 ρετ
803 1518 1083 1586 monudocticom
1103 1519 1330 1607 arguitionem
1352 1518 1421 1587 sire
1453 1517 1739 1599 ratiocinationem,
1764 1526 1806 1586 ut

303 1635 440 1703 videndo
463 1635 588 1702 iunmm
611 1652 713 1721 arguo
736 1634 855 1721 ignem,
879 1634 1016 1702 ridendo
1039 1634 1200 1703 hominem
1224 1634 1310 1723 ioqui
1332 1652 1444 1722 urguo,
1467 1634 1572 1722 ipsum
1595 1633 1716 1703 trabere
1735 1634 1807 1701 ani

303 1769 388 1818 ruam
413 1750 608 1819 rationalem.
625 1748 775 1818 Secundo
790 1749 942 1836 mutingit
956 1748 1075 1838 aliquid
1092 1750 1238 1838 cognosci
1254 1748 1545 1838 percontationem
1567 1749 1804 1837 inspectionem

304 1866 372 1934 sive
396 1866 601 1953 inspectivam
625 1865 870 1947 contuitionem,
892 1865 975 1933 sicut
997 1880 1071 1933 cum
1095 1865 1201 1953 ignem
1225 1872 1425 1953 praesentem
1447 1865 1549 1935 oculis
1571 1865 1650 1935 meis
1673 1866 1804 1937 intueor

302 1981 388 2049 etin
424 1982 529 2069 ipsum
563 1981 666 2068 dirigo
699 1981 857 2049 obtutum.
900 1980 1008 2048 Tertio
1042 1981 1195 2069 contingit
1216 1981 1338 2069 atiquid
1362 1982 1508 2069 cognosci
1532 2000 1591 2069 per
1613 1981 1805 2069 simplicum

302 2096 501 2186 qnidditctis
521 2096 778 2184 epecarmtioncm
801 2097 832 2164 in
857 2096 1049 2179 universati,
1072 2116 1134 2165 non
1158 2097 1382 2167 concernendo
1397 2098 1457 2167 hoc
1480 2096 1529 2166 ret
1554 2097 1654 2179 iilud,
1683 2098 1715 2166 in
1740 2098 1804 2167 hoc

304 2212 354 2281 rel
377 2212 408 2281 in
433 2211 509 2294 itio,
532 2213 615 2281 sicut
637 2230 712 2281 cum
736 2212 916 2292 considero,
938 2202 1091 2301 quidest
1115 2213 1206 2301 ignis.

393 2328 513 2395 Primo
535 2327 631 2396 modo
652 2328 855 2415 cognoscitur
877 2327 918 2396 dc
953 2346 989 2397 re
1006 2329 1068 2399 ‘sei
1102 2328 1370 2419 deprehenditur,
1404 2348 1451 2397 mr
1473 2339 1522 2397 est
1543 2329 1595 2399 sel
1619 2330 1719 2411 ineri,
1744 2331 1804 2399 sed

304 2444 372 2531 ipsa
394 2461 446 2511 res
468 2461 532 2511 non
556 2430 705 2524 ridetur,
727 2443 811 2511 sicut
834 2441 972 2511 ridendo
995 2443 1120 2512 iumum
1144 2440 1371 2532 deprehendo,
1395 2445 1481 2533 quod
1498 2444 1540 2513 ibi
1556 2451 1605 2515 est
1628 2444 1728 2533 ignis,
1743 2445 1802 2515 sed

303 2561 408 2648 ipsum
434 2559 537 2644 ignem
554 2576 616 2626 non
633 2558 733 2625 video.
747 2558 918 2628 Secu-mic¹
935 2556 1030 2627 modo
1046 2559 1172 2627 uidetur
1188 2577 1241 2627 res
1257 2560 1335 2647 ipsa
1355 2560 1464 2629 Tertio
1480 2560 1574 2629 modo
1588 2560 1805 2648 cognoscitur,

303 2675 385 2766 quid
407 2683 454 2742 est
475 2691 528 2744 res
551 2672 781 2762 ingenerati,
805 2692 867 2742 non
890 2673 1074 2761 cogitand0,
1097 2675 1130 2742 si
1151 2683 1198 2743 eet
1222 2673 1271 2745 rel
1295 2676 1387 2743 inest.

390 2791 421 2859 Si
445 2791 541 2877 igitur
562 2776 759 2878 quaeratur,
783 2789 943 2878 quomedo
964 2790 1071 2859 anima
1093 2799 1277 2879 cognoscat,
1311 2792 1389 2880 quid
1423 2792 1530 2861 anima
1551 2798 1622 2876 est,
1645 2792 1696 2863 rei
1720 2793 1805 2881 quid

304 2913 379 2975 sunt
393 2905 523 2974 habitus
537 2905 662 2986 mentis,
673 2923 771 2993 quam
785 2904 893 2973 vocavi
909 2903 1091 2993 simplicem
1103 2906 1302 2996 qetrtciroet
1317 2906 1595 2994 specumticnemr
1611 2908 1670 2977 iste
1682 2907 1806 2979 modus

305 3020 483 3090 mmmunis
505 3027 554 3089 est
574 3020 660 3089 omni
684 3021 819 3102 animae,
843 3038 901 3089 nec
924 3020 998 3108 pius
1021 3022 1150 3110 respicit
1171 3021 1310 3090 animam
1335 3023 1497 3110 propriam
1520 3040 1618 3110 qnam
1645 3023 1807 3107 aliemm3

303 3136 482 3205 communis
515 3143 564 3205 est
597 3136 692 3204 etiam
727 3143 792 3203 tam
815 3135 1025 3217 habentibus,
1048 3155 1144 3225 quam
1169 3154 1231 3205 non
1255 3137 1454 3206 habentibus·
1471 3137 1550 3206 tales
1571 3138 1712 3207 habites.
1735 3139 1806 3209 Non

305 3251 426 3321 habens
448 3252 533 3320 enim
557 3250 652 3319 fidem
676 3257 779 3338 potest
802 3250 902 3330 scire,
926 3250 1003 3338 qnid
1026 3251 1672 3335 rstirdessicuthabcns3et1mcmorio
1692 3254 1809 3323 anima

304 3367 355 3435 vei
380 3366 510 3435 habitus
540 3366 571 3434 in
607 3384 641 3435 se
675 3366 850 3435 existentes
883 3375 1118 3453 mgncscnntur
1140 3368 1257 3455 partim
1293 3386 1351 3456 per
1386 3369 1587 3457 impres-scm
1616 3369 1807 3449 rtotioroem,

303 3481 453 3569 quoniam
476 3482 582 3549 anima
606 3481 701 3551 habet
724 3481 911 3568 impressam
928 3488 1060 3552 naturae
1076 3501 1153 3553 suae
1167 3484 1322 3564 notitiam,
1337 3492 1374 3553 ut
1389 3484 1466 3555 dicit
1480 3486 1674 3574 Augustinus
1688 3490 1809 3554 octauo

305 3598 345 3666 de
368 3598 530 3680 Trinitatis,
553 3596 692 3685 capitulo
712 3597 853 3685 quarto·
877 3597 909 3665 in
936 3598 1016 3680 iinc3
1041 3598 1137 3668 habet
1163 3598 1370 3669 nihiiomiuus
1397 3601 1553 3670 uirtutum
1575 3608 1608 3669 et
1631 3600 1807 3671 habituum

305 3714 462 3795 notiones,
486 3720 522 3782 ut
546 3713 622 3782 dicit
652 3712 792 3782 secundo
815 3713 856 3782 de
885 3713 996 3783 Libero
1027 3714 1164 3782 Arbitrio
1176 3715 1199 3796 ⁴,
1221 3722 1254 3783 et
1275 3722 1388 3786 octauo
1409 3717 1451 3787 de
1473 3717 1635 3797 Trinitate,
1660 3717 1809 3803 capituto

305 3831 418 3911 tertio,
442 3829 527 3918 quod
564 3829 659 3898 natet
687 3829 875 3917 impressam
900 3831 1059 3898 notionem
1082 3830 1171 3909 honi;
1195 3831 1310 3916 partim
1334 3850 1393 3919 per
1406 3830 1809 3919 antoemercerriqario

304 3965 379 4011 nem
401 3951 433 4013 et
456 3945 689 4032 inquisitionem
701 3970 710 4025 ;
733 3945 789 4013 scd
814 3946 1076 4014 corrrcrumatice
1098 3964 1155 4033 per
1179 3944 1264 4014 imeri
1290 3956 1446 4015 aeternae
1472 3947 1743 4017 irradiationem
1770 3950 1806 4019 in

306 4061 360 4128 iiia
383 4060 468 4128 enim
491 4060 594 4128 torma
615 4068 647 4128 et
679 4061 709 4127 in
734 4060 817 4129 libro
850 4060 929 4131 tucis
951 4060 1056 4143 iliius,
1079 4061 1158 4149 qnid
1181 4062 1223 4130 sit
1244 4062 1371 4130 anirnns
1394 4063 1517 4145 iustus,
1538 4063 1633 4131 ctiam
1662 4063 1809 4135 iniustus

305 4177 444 4264 agnouit.
469 4176 568 4245 liuius
590 4177 637 4246 rei
662 4176 750 4246 testis
784 4184 834 4245 est
860 4178 1054 4265 Augustinus
1089 4179 1198 4245 nono⁸
1220 4187 1252 4246 et
1282 4178 1521 4267 decimoquarto
1554 4179 1596 4249 de
1630 4179 1809 4265 inuitato,

306 4292 388 4362 sicut
410 4298 496 4380 petet
517 4292 752 4379 aspicientibus.
775 4292 836 4361 Sed
860 4292 900 4362 dc
923 4292 984 4361 hoc
1007 4293 1084 4361 nihil
1109 4293 1150 4361 ad
1173 4311 1334 4380 praesens.

394 4559 402 4593 ¹
423 4558 474 4614 Cir.
494 4560 621 4626 August,
641 4558 703 4612 Viii.
722 4559 756 4613 de
774 4560 846 4613 Trtn.
866 4574 888 4613 c.
909 4558 933 4613 i.
954 4575 979 4613 n.
998 4559 1023 4612 7.
1042 4568 1068 4613 et
1086 4574 1141 4628 seq.

392 4658 404 4693 ¹
422 4657 521 4725 Codri,
539 4659 632 4712 ordine
650 4660 800 4726 immutato,
818 4659 869 4713 sub
887 4656 1005 4714 εεετιτιάυ
1023 4657 1102 4713 rrtcdc
1120 4659 1185 4711 [niso
1205 4664 1302 4727 pronum
1324 4662 1544 4727 qurrpostttonem,
1563 4675 1633 4730 quae
1643 4676 1813 4731 comeeqron-

306 4755 350 4809 dct
367 4754 446 4810 tertio
464 4754 553 4811 modo.

392 4853 404 4889 ³
423 4854 499 4907 Num.
517 4854 543 4907 7.
562 4881 598 4894 -
618 4855 696 4907 inrito
715 4859 774 4907 ente
792 4860 853 4920 post
870 4852 1030 4923 impressum
1048 4848 1216 4908 soirrmmodo
1234 4856 1254 4907 Α
1274 4853 1353 4908 micet
1369 4866 1454 4921 seruc,
1479 4868 1529 4923 pro
1547 4870 1600 4925 quo
1619 4856 1639 4909 B
1665 4855 1808 4929 domimi,

306 4953 482 5008 Ciumurme.
1434 4998 1437 5003 .

394 5050 404 5086 ⁴
424 5051 486 5118 Cup.
511 5054 549 5106 ro.
569 5068 593 5105 n.
614 5053 656 5119 29,
675 5058 701 5105 et
712 5066 734 5105 c.
753 5051 790 5105 tt.
806 5066 830 5105 n.
851 5051 892 5105 id.
912 5052 1030 5120 Sequens
1043 5058 1127 5107 textus
1138 5057 1177 5106 est
1196 5054 1244 5106 tce
1263 5054 1305 5107 cit
1326 5066 1351 5107 n.
1371 5051 1395 5107 i.
1404 5079 1442 5093 -
1452 5052 1511 5107 uest
1524 5050 1555 5109 tie
1567 5050 1663 5109 moero
1682 5053 1810 5113 Arbitrio

306 5149 326 5205 C
344 5150 416 5205 inridit
429 5149 499 5205 utic.

394 5248 487 5319 ⁶Cap.
506 5250 531 5304 6.
551 5264 575 5303 n.
600 5250 647 5317 ti;
667 5250 733 5303 aiios
751 5250 824 5303 iocus
843 5254 882 5303 esi
900 5248 935 5302 ibi
954 5264 976 5303 c.
1001 5249 1039 5304 15.
1059 5265 1084 5304 n.
1104 5252 1146 5305 it.
1259 5304 1263 5313 ,
