3870 6488
218 370 276 437 lot
715 388 865 446 enumero
889 390 1060 438 onerarat
1084 393 1209 449 orsum

212 513 354 580 materia.
376 512 441 579 Alia
463 519 511 580 est
534 510 709 579 similitudo
731 512 948 599 oripirieluo
979 535 1030 593 rc,
1056 516 1137 583 sieut
1161 516 1214 583 illo
1245 517 1298 603 qui
1329 517 1428 584 ooseit
1457 519 1560 585 lacere
1584 536 1712 599 arram,

211 629 370 713 cognose-it
392 647 499 696 aream
523 647 580 717 per
603 630 739 715 speciem
757 630 798 696 ab
822 630 889 716 ipsa
912 650 987 698 arca
1003 631 1200 718 originatam.
1224 633 1404 700 Similitudo
1422 633 1535 719 igitur,
1558 653 1642 721 qricie
1663 641 1712 702 est

212 745 292 811 ratio
314 746 519 831 cognoscendi
545 746 576 812 in
601 745 742 813 luunano
765 746 941 826 intellectu,
965 754 1087 815 eertum
1112 756 1161 815 θεῖ
1191 750 1277 835 qnorl
1307 768 1368 815 nou
1403 755 1452 816 est
1477 751 1641 817 causitira
1666 768 1713 818 ro·

213 881 304 943 roni,
327 863 402 950 quia
425 863 497 931 talis
512 871 560 930 est
583 863 662 930 ratio
680 862 789 931 itletlis
813 863 843 929 in
868 881 994 931 summo
1009 864 1145 945 artiliee;
1168 882 1226 934 nec
1249 873 1298 934 est
1313 865 1451 934 deducta
1474 864 1541 933 sire
1557 866 1716 954 impressa

212 978 393 1047 iinmotliate
416 979 457 1046 ab
481 978 574 1058 illo¹,
597 979 673 1066 qnia
703 978 775 1045 otis
797 985 845 1079 est
876 979 1033 1064 angelica:
1058 999 1135 1066 ergo
1166 988 1290 1067 oportet
1320 981 1405 1069 qnod
1438 981 1478 1049 sit
1507 981 1664 1069 originata
1696 1003 1718 1050 a

212 1096 319 1164 reluis.
345 1096 425 1181 Ergo
449 1112 577 1164 neeesse
599 1103 660 1176 est,
684 1095 770 1183 quod
803 1095 980 1164 intellectus
1010 1096 1143 1184 accipiat
1173 1096 1294 1183 speeies
1318 1096 1532 1185 intelligibiles
1562 1117 1582 1165 a
1615 1098 1718 1167 rebus

213 1220 324 1292 extra,
349 1230 407 1280 neo
430 1213 544 1279 lormet
567 1212 608 1280 tle
631 1230 675 1280 se.

305 1329 406 1395 Serto
429 1328 519 1396 ratio
543 1337 590 1395 est
612 1347 653 1394 ear
676 1329 875 1397 corrnerione
893 1328 1121 1414 potentatuum
1144 1338 1173 1395 et
1206 1330 1334 1396 viritim
1361 1330 1409 1397 ud
1443 1329 1601 1410 invicem,
1631 1350 1718 1418 quae

214 1444 257 1511 ita
280 1450 354 1512 sunt
379 1462 560 1525 connexae,
585 1452 620 1511 nt
643 1445 722 1511 nibil
748 1445 802 1511 liat
825 1445 856 1511 in
879 1445 1054 1531 superiori,
1088 1446 1175 1531 quod
1209 1447 1300 1532 prim
1334 1464 1397 1512 non
1421 1446 1480 1515 luit
1503 1446 1534 1513 iu
1560 1447 1717 1514 inleriori.

215 1561 300 1628 lirrrle
323 1561 399 1627 elicit
423 1560 632 1648 llntosopnus
662 1561 702 1629 ile
726 1563 826 1629 Sensu
850 1568 881 1628 et
904 1562 1066 1643 Sensato²,
1090 1571 1122 1630 ot
1145 1562 1339 1649 Augustinus
1362 1568 1476 1648 priario
1498 1580 1597 1649 super
1619 1564 1722 1631 Gene-

213 1679 273 1744 sirn
296 1684 328 1745 et
351 1678 473 1745 clerium
495 1678 749 1758 Ceinlessionnm‚
773 1678 858 1765 qirotl
884 1678 962 1746 nibil
986 1678 1026 1746 sit
1050 1679 1081 1745 iu
1106 1678 1281 1757 intellectu,
1305 1679 1390 1766 qum
1415 1680 1506 1766 prius
1529 1696 1591 1746 non
1616 1680 1719 1747 inierit

215 1793 246 1860 in
285 1812 389 1861 sensu.
421 1795 482 1861 lloc
520 1801 627 1862 autem
659 1796 694 1860 lit
739 1794 897 1861 metliaute
932 1795 1169 1880 phantasmate,
1194 1796 1300 1882 quod,
1335 1803 1372 1862 ut
1406 1794 1482 1862 elicit
1517 1795 1722 1881 Augustinus

214 1910 254 1977 tle
282 1911 364 1977 Vera
388 1910 587 1996 Religione⁸,
610 1916 657 1977 est
692 1910 878 1996 tigmentum
913 1915 1083 1978 attractum
1115 1928 1172 1996 per
1196 1927 1335 1978 sensum.
1361 1912 1397 1978 Et
1419 1911 1490 1978 irleo
1514 1909 1719 1998 impossibile

212 2033 277 2107 est,
300 2045 429 2094 caecum
452 2045 472 2093 a
494 2026 655 2094 nativitate
679 2026 797 2111 lingere
822 2026 990 2112 imaginem
1015 2026 1146 2106 coloris,
1169 2034 1225 2093 ant
1241 2027 1378 2094 surdum
1395 2025 1515 2111 lingere
1538 2026 1722 2114 imaginem

214 2142 296 2223 soni,
321 2149 356 2209 ut
379 2142 456 2210 elicit
478 2142 672 2228 Augustinus
696 2143 728 2209 in
753 2142 889 2228 Epistola
913 2141 1148 2229 piraeallegata⁴
1177 2150 1208 2211 θῖ
1242 2150 1335 2211 sexto
1368 2143 1514 2211 llnsicae.
1543 2143 1626 2229 Ergo
1663 2162 1720 2211 ne-

212 2276 300 2326 ccsse
334 2265 399 2339 est,
434 2266 472 2326 nt
495 2258 527 2325 iu
550 2258 725 2343 cognitione
750 2259 861 2326 talium
884 2258 1018 2345 accipiat
1051 2260 1173 2346 speeies
1196 2280 1215 2327 a
1239 2260 1336 2328 rebus
1370 2260 1593 2341 sensibilibus,
1629 2278 1720 2347 quae

215 2375 257 2441 ita
280 2394 313 2444 se
337 2374 455 2443 babent
476 2375 633 2462 granatim
655 2382 748 2442 natae
771 2375 871 2444 altera
894 2375 934 2443 clo
956 2376 1074 2457 altera,
1098 2395 1266 2465 quousque
1290 2377 1368 2444 liant
1391 2377 1423 2444 in
1445 2377 1513 2445 acie
1532 2377 1719 2463 cogitantis,

214 2492 296 2559 sicut
329 2497 359 2559 et
391 2493 548 2579 potentiae
571 2493 657 2579 ipsae
680 2494 777 2560 ειιῐιῖ5
800 2493 840 2559 an
878 2492 1012 2561 invicem
1034 2493 1208 2562 ordinatae.
1242 2494 1335 2562 lstius
1358 2501 1465 2561 antem
1500 2492 1630 2579 signnm
1659 2500 1725 2575 est,

213 2609 299 2694 qiroil
323 2608 500 2677 intellectus
523 2609 772 2676 obnubilatura
806 2610 1095 2695 pliantasmatibus3
1130 2611 1216 2697 qnod
1252 2629 1314 2678 non
1341 2617 1433 2691 esset,
1462 2609 1521 2677 nisi
1556 2609 1599 2676 ab
1636 2608 1722 2696 ipsis

212 2727 368 2815 acciperet
390 2727 511 2814 species
535 2726 755 2812 intelligibiles.
774 2726 860 2793 Untie
877 2726 1070 2812 Augustinus
1094 2745 1176 2793 nono
1192 2726 1232 2794 tle
1248 2726 1414 2806 trinitate,
1431 2723 1570 2813 capitulo
1586 2725 1722 2793 sertor:

220 2843 428 2911 «phantasias
452 2862 560 2910 rerum
584 2834 798 2928 corporalium
822 2860 879 2929 per
914 2823 1043 2909 sensnm
1072 2842 1216 2929 corporis
1240 2842 1372 2909 haustas
1409 2847 1441 2909 θῖ
1475 2840 1723 2929 quodaminodo

214 2960 333 3028 inlusos
356 2960 545 3040 memoriae,
568 2978 610 3026 ex
634 2959 753 3046 quibus
777 2955 896 3046 [etiam]
933 2976 970 3025 ca
1001 2976 1084 3046 (pirae
1119 2977 1181 3025 non
1221 2959 1289 3026 uisa
1323 2965 1419 3038 sunt,
1455 2956 1528 3025 licto
1563 2955 1719 3043 pihantas

213 3082 296 3143 orate
325 3076 516 3160 rogitantur,
547 3075 725 3162 approbare
760 3074 809 3141 vel
855 3074 1028 3160 reprobare
1070 3074 1264 3161 quiluisdam
1288 3073 1409 3160 regulis
1432 3090 1532 3159 supra
1566 3078 1715 3140 mentem

213 3191 322 3277 positis
344 3190 465 3258 nititur.
490 3191 550 3258 Sed
574 3190 673 3258 claret
696 3189 834 3276 desuper
858 3189 1011 3257 iuelieium
1037 3190 1188 3270 peribitis,
1213 3190 1269 3257 sed
1293 3188 1508 3275 corporalium
1533 3187 1719 3274 imaginum

213 3309 323 3376 nubilo
345 3307 569 3376 subtexitur».
595 3306 683 3375 Uutle
706 3305 910 3392 intelligentia
934 3305 1105 3373 coristituta
1128 3312 1176 3374 est
1200 3305 1281 3372 inter
1306 3305 1410 3371 lnccm
1433 3310 1465 3371 et
1490 3302 1648 3371 tenebras

301 3425 351 3492 Sic
367 3424 463 3511 igitur
479 3423 551 3491 (lico
566 3423 633 3492 sine
650 3422 860 3510 praeiudicio,
883 3422 969 3509 quod
993 3423 1096 3488 anima
1122 3422 1188 3489 sive
1213 3420 1391 3488 intellectus
1406 3419 1521 3506 accipit
1537 3419 1604 3487 sire
1628 3421 1723 3508 capit

213 3540 335 3628 species
368 3559 387 3607 a
421 3541 519 3608 rebus
542 3547 653 3622 extra,
675 3559 737 3607 non
762 3539 880 3607 virtute
915 3556 1023 3606 rerum
1058 3538 1274 3625 corporalium
1303 3536 1466 3624 agentium
1501 3535 1533 3602 in
1566 3536 1718 3605 animam

304 3811 312 3846 ¹
335 3812 353 3863 B
372 3826 423 3864 nou
443 3811 510 3864 beno
529 3809 593 3876 itte·
612 3810 633 3861 1)
651 3809 714 3876 legit
736 3807 869 3877 inpresso
887 3807 914 3860 in
933 3809 1037 3872 mente,
1060 3805 1132 3876 pum.

303 3909 384 3963 ²Clr.
403 3924 485 3975 supra
504 3924 565 3975 pag.
588 3905 637 3960 tet
657 3912 716 3959 uota
736 3907 767 3973 b,
787 3906 831 3959 ubi
852 3906 930 3960 etiam
949 3904 1060 3958 babetur
1079 3905 1152 3957 locus
1170 3904 1307 3969 Augustini
1327 3916 1408 3968 snper
1425 3904 1535 3968 Genes.;
1548 3906 1574 3954 et
1586 3915 1653 3969 pag.
1674 3900 1726 3956 ttt

217 4016 275 4062 noto
295 4010 323 4073 2,
344 4008 389 4061 irbi
407 4007 536 4060 indicatur
554 4012 638 4059 tentus
656 4004 864 4058 Conlessionum.

305 4106 401 4173 ³Cap
423 4108 463 4159 10.
483 4121 507 4158 η.
528 4105 570 4157 tn.

304 4204 315 4239 ⁴
334 4205 409 4257 Noni.
429 4205 458 4270 63
477 4216 591 4271 sequens
610 4203 683 4255 locus
701 4207 739 4253 est
760 4201 799 4252 b'l.
820 4200 939 4265 Musicae,
959 4214 981 4251 e.
1005 4200 1045 4251 11.
1065 4213 1089 4250 u.
1110 4199 1152 4250 ³2.

305 4303 316 4337 ⁵
335 4304 361 4355 lu
381 4301 438 4356 eorl.
458 4304 479 4354 A
498 4301 650 4354 exciderunt
668 4298 750 4352 verba
768 4300 832 4353 sunl
850 4295 901 4361 arn
922 4300 947 4349 ln
966 4297 1061 4350 eodem
1075 4298 1140 4349 intra
1159 4295 1192 4348 ad
1212 4296 1359 4361 marginem
1372 4302 1397 4348 et
1411 4292 1445 4347 ab
1458 4295 1506 4346 alin
1526 4306 1606 4347 manu
1621 4294 1729 4348 bobon-

216 4406 260 4454 tur
277 4399 311 4455 ob
329 4403 409 4454 erbu
428 4398 559 4468 occiperet
577 4412 626 4464 pro
644 4395 679 4451 ub
697 4395 762 4466 ipsis
780 4395 918 4465 occiperet.

304 4498 316 4533 ⁶
334 4499 410 4550 Num.
429 4497 466 4549 l0.
481 4498 507 4549 ln
520 4496 634 4550 etlitioue
648 4502 708 4561 post
720 4494 801 4547 rerba
812 4492 1002 4563 plurrttosmntc
1021 4492 1175 4561 oopiluntur
1193 4493 1227 4544 lta
1246 4493 1423 4544 reintinuator:
1441 4492 1522 4543 «site
1540 4490 1614 4544 aliter
1640 4505 1726 4558 quarn

214 4603 282 4660 suut,
293 4599 349 4649 slve
362 4596 466 4649 lortuito
481 4597 547 4647 sicut
560 4602 629 4657 suut
642 4594 698 4646 aliis
710 4594 818 4645 omnino
831 4592 929 4657 regulis
942 4605 1021 4656 supro
1036 4598 1150 4644 merrtem
1163 4595 1277 4642 nostram
1292 4588 1539 4642 incommutabiliter
1551 4588 1726 4643 manentibus

216 4697 257 4748 sel
277 4693 426 4761 turpirobare
445 4691 515 4758 apiuel
537 4693 711 4756 nosmetipsos
736 4691 778 4742 rel
798 4686 948 4755 improbare
967 4690 1160 4754 convincimur,
1180 4701 1239 4740 crmt
1259 4693 1329 4740 reete
1348 4685 1446 4753 aliquid
1471 4683 1655 4752 approbamus
1673 4696 1723 4740 out

218 4792 407 4859 improbamus
427 4790 492 4842 Nam
511 4796 537 4842 et
555 4802 616 4841 enm
636 4789 722 4841 recolo
742 4787 905 4853 Carthaginis
924 4788 1039 4851 moenia,
1059 4800 1128 4853 qnae
1147 4785 1214 4849 ridi,
1233 4790 1258 4836 et
1277 4797 1337 4837 cunr
1357 4784 1430 4849 lingo
1448 4781 1632 4848 Alexandrino,
1651 4798 1726 4850 quoe

218 4905 270 4943 non
280 4889 348 4956 sicli,
358 4887 518 4954 easdemque
528 4887 695 4952 imaginarias
709 4886 805 4937 lnrrrros
818 4884 946 4951 qtiastlaru
960 4883 1119 4951 quilnrsdum
1133 4883 1283 4949 praelucens
1301 4880 1486 4934 rationabiliter
1499 4879 1633 4946 praelero;
1647 4881 1726 4945 riget

218 4994 243 5040 et
267 4988 347 5040 claret
365 4986 479 5051 ‹lesnper
498 4984 622 5037 indicium
642 4984 772 5047 veritatis,
794 4996 825 5034 ae
843 4983 883 5035 sui
912 4983 975 5033 iuris
999 4981 1231 5046 incorruptissimis
1249 4980 1348 5045 regulis
1372 4979 1477 5031 llrmum
1496 4983 1547 5030 est:
1572 4978 1640 5029 etsi
1663 4990 1727 5031 cor·

221 5087 349 5152 persillum
369 5085 514 5150 imaginum
535 5083 608 5149 urreisi
628 5080 743 5148 queniam
765 5080 853 5132 nubilo
878 5078 1035 5145 subtexitur,
1056 5091 1107 5131 non
1127 5084 1212 5129 tnnieu
1243 5078 1384 5129 inuoluitur
1409 5082 1488 5143 atque
1512 5074 1684 5129 contunditur
1699 5096 1725 5129 ι.

219 5184 457 5249 propositionum
482 5181 600 5247 seqnitur
624 5185 683 5243 μυεῖ
710 5179 780 5229 lrune
808 5178 908 5242 literuu,
933 5176 1046 5227 continet
1070 5188 1202 5227 snrnmnur
1228 5173 1360 5227 ‹loetiluae
1384 5173 1522 5240 Augustini
1547 5170 1598 5226 snb
1627 5186 1652 5226 n.
1684 5174 1725 5225 11.

216 5287 266 5337 loe.
286 5285 327 5335 cit.
353 5281 437 5335 insius
455 5280 595 5346 explositae.
608 5303 645 5316 -
663 5276 682 5331 C
701 5291 750 5343 pro
769 5273 943 5345 intelligentie
962 5276 1024 5341 legit
1042 5273 1136 5328 trriinro
1154 5271 1321 5328 inlelleelien.
1409 5294 1414 5305 ·
