3870 6488
221 404 263 468 ⁹2⁸2
828 419 1108 468 nisscnrxrro.

219 561 290 610 esse
314 542 640 629 repraesentativum,
665 542 837 630 implicato
872 541 1058 609 continetur
1081 542 1221 609 recline-r
1244 543 1320 631 ipsc
1344 543 1470 611 dicdum
1494 544 1524 611 Si
1550 552 1587 612 nt
1611 562 1721 612 ueces-

220 658 358 738 sariam‚
382 665 418 725 ut
442 657 695 735 immutabilem,
719 665 755 725 ut
777 664 940 726 aeternam
964 676 999 727 se
1021 657 1129 726 obiicit
1151 659 1231 726 ratio
1254 658 1356 741 entis,
1381 657 1441 727 doc
1463 660 1520 746 lit,
1540 658 1624 750 panc
1647 666 1720 725 nerc-

220 794 323 863 qnmn
345 772 590 841 corcrhcbilitcnc
614 774 651 841 in
673 774 790 841 dirimi
812 772 965 841 realitate
986 793 1022 840 se
1043 772 1163 841 obiicit.
1194 774 1373 843 «veritates
1403 774 1589 856 intellectae,
1613 773 1718 862 inquit

219 890 403 976 Angelius,
427 889 603 957 lucidentur
626 889 658 957 in
681 889 789 977 aliquo
812 896 951 957 aeterno.
968 889 1154 957 Fundautur
1176 896 1284 958 autem
1309 890 1340 957 in
1365 889 1435 978 ipsa
1452 890 1557 977 prima
1572 889 1720 971 veritate,

220 1005 303 1073 sieut
326 1003 358 1071 in
381 1023 479 1073 causa
501 1004 673 1073 universali
698 1005 877 1073 contentiva
899 1004 1003 1073 ouuus
1027 1004 1169 1073 ueritatis
1189 1006 1243 1091 (S.
1267 1023 1294 1074 c.
1318 1004 1406 1073 Geni„
1431 1004 1464 1072 ll.
1488 1024 1514 1074 c.
1539 1004 1662 1091 et.)·.

313 1122 356 1188 Ex
382 1122 432 1189 bis
454 1121 616 1190 concludit
636 1122 675 1190 cl.
698 1128 830 1202 auctm,
854 1121 932 1209 qnid
956 1120 996 1189 sit
1028 1138 1242 1209 ·geunamrm
1271 1120 1462 1205 christianae
1496 1119 1719 1209 philosophiae

222 1244 369 1323 systema.
401 1237 472 1304 Duo
502 1237 752 1306 lundamentalia
784 1237 942 1306 elementa
980 1238 1119 1305 coritinet
1155 1237 1286 1326 ipsum,
1320 1237 1515 1305 elementum
1548 1233 1719 1325 psycheia

218 1352 334 1439 picum
367 1360 399 1420 et
433 1353 626 1421 elementum
662 1351 886 1440 theologicum.
916 1354 1114 1421 Elementum
1134 1352 1406 1442 pepchoiopienna
1428 1360 1505 1421 sunl
1526 1360 1718 1441 conceptus,

221 1477 296 1535 sum
329 1486 441 1536 omnes
475 1469 689 1555 intelligibiles
724 1469 961 1547 irradiationes
995 1469 1240 1547 illustrationes,
1273 1487 1356 1557 quae
1379 1467 1470 1557 quasi
1500 1469 1565 1555 typi
1587 1486 1625 1537 ac
1656 1468 1720 1554 spi·

221 1584 353 1653 rituales
387 1603 497 1652 rerum
531 1592 623 1653 notae
657 1584 688 1652 in
724 1584 830 1652 auimo
857 1585 971 1653 dorem
993 1585 1146 1653 animum.
1170 1624 1214 1634 -
1239 1585 1435 1653 ilementum
1459 1602 1537 1652 rero
1567 1580 1719 1671 theologi-

220 1720 298 1766 cum
320 1706 369 1767 est
392 1700 493 1767 Deus:
518 1700 604 1767 Deus
626 1699 711 1767 onim
737 1700 767 1767 iu
790 1698 945 1787 principio
965 1700 1252 1787 prcmnpponitnr
1276 1700 1427 1786 implicite
1442 1698 1598 1786 cognitus,
1620 1698 1720 1767 medo

220 1814 311 1901 guasi
335 1814 578 1883 indeterminato
600 1834 638 1884 ac
662 1814 803 1895 iulormi,
819 1815 850 1881 in
867 1815 952 1882 nurui
976 1814 1180 1883 intellectuali
1198 1814 1383 1901 cognitione.
1400 1814 1487 1882 Deus
1501 1812 1586 1883 enim
1606 1812 1721 1881 luuda·

222 1931 401 1999 mentaliter
422 1950 460 1999 ac
483 1930 701 2018 principaliter
724 1931 921 2017 significatur
944 1949 1002 2019 per
1031 1950 1088 1999 eus
1118 1930 1411 2017 generalissimum,
1442 1929 1657 2017 significatur,
1680 1936 1722 1997 ut

220 2046 283 2115 iam
307 2047 468 2127 diximus,
491 2066 558 2113 non
581 2046 769 2113 immediate
791 2065 850 2133 per
872 2064 923 2125 se,
947 2047 1037 2135 rpuasi
1062 2046 1163 2115 licum
1188 2047 1293 2134 ipsum
1317 2052 1500 2115 attrectaret
1521 2051 1612 2113 actus
1632 2062 1722 2113 rnen-

220 2164 278 2244 tis‚
301 2163 357 2231 sed
382 2181 439 2249 per
462 2170 678 2248 cericeptarn,·
700 2168 871 2248 conceptus
894 2181 955 2229 uon
979 2162 1133 2251 exprimit
1158 2162 1257 2229 ileum
1282 2160 1510 2249 guidditative,
1526 2160 1607 2229 sicut
1622 2165 1671 2227 est
1686 2160 1721 2227 in

220 2296 272 2359 se,
294 2279 351 2347 sed
374 2277 545 2365 analogice
570 2315 614 2327 -
636 2277 713 2345 ltem
739 2278 915 2359 terminus,
939 2277 970 2346 in
994 2296 1090 2366 gruem
1118 2277 1231 2345 ultimo
1257 2278 1437 2346 necessarie
1468 2275 1589 2344 reaoloi
1621 2274 1723 2344 debet

220 2395 301 2462 ratio
322 2394 478 2463 obleetira
501 2394 596 2463 realis
618 2393 699 2461 eutis
722 2392 962 2480 gerreralissimi,
985 2399 1033 2461 est
1056 2393 1150 2462 licus.
1175 2393 1272 2461 lt'erno
1294 2392 1380 2461 enim
1403 2400 1566 2461 aeternam
1599 2389 1723 2461 stabili·

220 2515 316 2577 tatem
340 2516 436 2597 atque
458 2508 667 2577 constantiam
689 2508 791 2576 dictae
815 2508 946 2575 rationis
968 2509 1131 2596 explicare
1154 2515 1274 2595 potest,
1297 2506 1357 2575 uisi
1373 2506 1514 2575 diuinam
1530 2506 1633 2594 ipsam
1649 2524 1722 2575 rea-

221 2626 339 2694 litatem
363 2623 602 2712 intelligibiliter
619 2623 649 2691 iu
667 2623 720 2691 illa
734 2623 927 2711 explicatam
950 2632 1163 2711 recognoscat.
1184 2624 1291 2693 Motus
1305 2643 1384 2712 erpo
1399 2621 1510 2691 electri
1524 2622 1721 2703 intellectam,

102 2830 107 2837 .
219 2742 301 2809 rircrn
324 2740 486 2829 intellegit,
503 2740 839 2820 drcmrctioeinotnr,
856 2740 1079 2829 recognitione
1101 2740 1264 2828 implicito
1281 2740 1342 2807 Oai
1356 2740 1473 2827 incipit
1495 2748 1525 2807 et
1548 2740 1585 2807 in
1608 2739 1723 2828 cogni·

219 2858 339 2925 tionem
354 2856 544 2945 explicitam
567 2856 627 2923 Dei
642 2857 844 2923 terminatur
857 2883 908 2922 »...
939 2882 954 2917 a
966 2856 1080 2925 Omina
1096 2876 1193 2924 neree
1207 2854 1365 2924 acimttine
1386 2876 1465 2944 erpo
1489 2854 1592 2935 inab,
1615 2856 1723 2945 qnasi

220 2974 256 3041 in
271 2972 479 3054 abscondito,
495 2980 526 3039 et
548 2972 657 3039 orionis
681 2991 779 3039 verne
800 2972 957 3040 scindite
979 2991 1116 3051 corone,
1133 2972 1235 3061 patriai
1248 2972 1285 3039 in
1299 2980 1427 3059 aperto,
1443 2978 1491 3039 est
1506 2968 1671 3059 theologie
1686 2996 1721 3037 n.

219 3090 298 3157 llaec
322 3105 397 3157 sane
426 3086 589 3175 praeclare
613 3086 707 3154 etad
730 3086 952 3173 explicandam
978 3106 1087 3156 vennn
1123 3088 1292 3175 utriusque
1319 3080 1488 3168 tinctoris,¹
1513 3084 1650 3171 lugeliei
1687 3094 1722 3155 et

218 3203 390 3291 seraphici,
413 3201 601 3271 sententiam
625 3201 787 3288 aptissime
804 3202 888 3269 dicta
903 3209 987 3270 suut.
1014 3201 1127 3271 Eadem
1153 3203 1308 3291 principia
1331 3202 1447 3271 dilluse
1469 3201 1620 3291 explanat
1644 3190 1722 3271 blant·

219 3320 332 3387 thaeus
353 3319 394 3387 ab
418 3320 614 3406 lquasparta
637 3336 667 3403 q.
692 3316 730 3397 3,
753 3317 794 3384 ad
818 3336 913 3405 quiem
940 3318 1090 3386 lectorem
1115 3318 1316 3387 remittimus.
1520 3308 1523 3313 “

306 3435 454 3502 dearum
477 3433 563 3521 quod
589 3432 639 3500 liic
662 3432 782 3501 dictum
808 3440 856 3501 est
879 3432 919 3500 de
942 3439 1096 3521 miriceptu
1120 3433 1226 3513 entis,
1251 3451 1310 3501 suo
1333 3435 1428 3501 mindo
1448 3433 1533 3501 valet
1560 3450 1622 3501 non
1652 3438 1721 3501 lan·

219 3557 285 3617 turin
310 3550 350 3618 de
373 3548 704 3618 trarrsceudeutalibus
726 3548 930 3636 conceptibus
956 3549 1036 3628 cari,
1061 3549 1148 3628 lieni,
1173 3549 1295 3630 certine,
1319 3549 1375 3617 sed
1398 3548 1493 3617 etiam
1509 3548 1722 3617 decernibus

216 3666 462 3735 rrrriversalibas.
486 3664 648 3733 Obieetiva
671 3665 755 3733 enim
779 3664 971 3751 possibilitas
994 3683 1115 3746 rarum,
1139 3683 1221 3751 quae
1246 3665 1287 3732 in.
1300 3665 1504 3752 conceptibus
1525 3662 1624 3732 urenti
1640 3664 1722 3733 obii·

216 3783 316 3862 citur,
340 3782 517 3868 concipitur
534 3786 569 3849 ut
584 3781 772 3849 antecedens
793 3799 903 3849 rerum
927 3782 958 3848 iu
983 3782 1112 3869 proprio
1135 3799 1249 3866 genere
1272 3781 1489 3861 existentiam,
1512 3788 1544 3849 et
1565 3780 1723 3849 essentia-

217 3900 279 3965 lem
303 3897 488 3965 relationem
513 3896 609 3963 lralret
631 3896 672 3963 ad
696 3897 831 3983 primam
856 3915 984 3965 causam
1010 3896 1211 3977 efficientem,
1234 3896 1452 3984 exemplarem
1476 3903 1509 3963 et
1531 3894 1671 3963 linalcm.

304 4135 325 4214 s
348 4134 378 4197 7.
401 4129 578 4217 suppositis
603 4130 757 4216 hisquae
782 4128 811 4196 iu
837 4130 897 4197 hoc
920 4128 1060 4216 capitulo
1096 4128 1298 4209 dictasunt,
1325 4129 1386 4196 icnu
1410 4128 1566 4215 probatur
1594 4116 1725 4216 aliquass

215 4254 308 4315 terius
332 4245 362 4313 id
386 4245 472 4332 quod
498 4245 529 4311 iu
553 4244 715 4312 Prooemio
739 4250 847 4311 nostro
869 4262 910 4312 ex
935 4246 964 4311 S.
983 4244 1204 4311 Beneuentum
1221 4242 1544 4312 commemoravimus
1558 4242 1599 4311 de
1615 4260 1723 4327 nexu,

215 4362 269 4449 qui
293 4369 342 4430 est
366 4360 446 4428 iuter
473 4360 629 4446 triplicem
653 4378 762 4428 rerum
787 4359 989 4427 existentiam
1014 4361 1154 4446 (nempe
1179 4358 1210 4426 iu
1234 4359 1365 4446 proprio
1388 4376 1525 4445 genere,
1549 4356 1581 4425 in
1607 4367 1725 4429 mente

215 4485 342 4557 ercan,
367 4477 397 4543 in
422 4477 530 4545 divino
553 4475 766 4563 exeruplari),
791 4483 822 4543 et
845 4476 885 4544 de
910 4476 1080 4556 trnruitn,
1108 4494 1204 4562 qrreur
1241 4494 1331 4542 mens
1366 4473 1606 4561 intelligibiliter
1640 4474 1724 4545 lacit

214 4594 255 4661 ab
278 4594 390 4660 ordine
413 4607 523 4661 rerum
547 4598 641 4660 extra
665 4611 722 4660 rios
747 4591 823 4659 reali
846 4590 1055 4685 adordinem
1080 4591 1163 4658 inim
1186 4609 1244 4658 nos
1267 4590 1420 4669 idealem,
1443 4598 1474 4658 et
1506 4590 1549 4658 al)
1575 4597 1722 4678 utroque

214 4709 253 4775 ad
278 4710 423 4778 ordinem
447 4709 645 4788 inc-reatuum
669 4708 723 4795 qui
748 4707 878 4794 quidem
903 4706 1056 4775 transitus
1080 4706 1216 4774 mirabili
1246 4714 1314 4774 arte
1345 4713 1377 4773 et
1407 4705 1574 4774 dovotione
1597 4704 1722 4777 descri-

215 4824 301 4891 bitur
323 4844 343 4891 a
366 4825 396 4889 S.
423 4824 643 4891 lhuraventura
666 4824 697 4917 iu
723 4842 781 4891 suo
805 4822 987 4890 Itinere-rio
1010 4822 1128 4889 trientis
1163 4822 1199 4888 in
1230 4822 1345 4889 beram.
1370 4821 1547 4889 Notandum
1581 4827 1698 4911 numni
1710 4876 1719 4903 ,

213 4940 298 5025 ‹prrcrd
324 4956 414 5007 inens
436 4939 499 5005 alio
522 4938 618 5005 rriodo
640 4938 852 5025 apprehendit
877 4937 1057 5005 inferiorem
1083 4936 1174 5005 illum
1190 4938 1353 5017 ordinem,
1368 4937 1431 5003 alio
1448 4936 1542 5005 modo
1557 4934 1717 5021 rinadium,

212 5055 276 5121 alio
298 5055 436 5142 denique
459 5071 669 5140 supreumm3
692 5061 723 5121 et
746 5053 832 5141 cpuod
855 5054 948 5121 aliter
971 5053 1012 5120 ab
1036 5052 1182 5121 inferiore
1198 5053 1310 5120 ordine
1326 5051 1504 5121 trocmund
1520 5051 1716 5137 secundnm,

212 5170 304 5237 aliter
327 5170 369 5236 ali
392 5176 529 5256 utrmpre
552 5169 593 5237 ad
617 5187 806 5257 supremum
838 5169 1004 5250 ordinem,
1039 5168 1093 5256 prii
1129 5169 1320 5256 principium
1351 5168 1494 5236 onmium
1529 5167 1626 5235 simul
1663 5178 1715 5241 est

212 5294 307 5373 atque
331 5286 412 5355 linis.
