3870 6488
299 337 358 407 138
805 362 956 420 orinnsrro
979 360 1150 410 orsranura
1174 361 1285 408 rnnrra

291 484 434 552 cundum
459 483 645 566 veritatem,
668 485 724 555 sed
748 484 878 552 intentio
899 490 948 553 εει
971 484 1002 551 in
1025 483 1149 565 anima,
1172 489 1204 551 ct
1227 483 1405 552 secundum
1429 483 1489 551 hoc
1517 483 1594 551 dicit
1628 482 1794 550 Commen-

293 605 375 667 tator
388 598 410 681 ¹,
434 600 520 688 quod
543 599 721 669 intellectus
744 600 817 668 lacit
841 599 1112 668 universalitatem
1137 599 1169 666 in
1192 600 1299 667 rchus.
1326 598 1421 683 Quod
1443 597 1581 665 dicitur:
1611 596 1796 665 universale

291 720 339 783 εει
361 713 401 783 da
425 715 561 783 essentia
584 715 651 798 rei,
674 716 764 796 dico,
786 715 871 803 quod
896 734 958 782 non
981 722 1029 784 est
1051 714 1092 782 de
1119 715 1257 783 essentia
1292 723 1444 802 tanquam
1479 712 1645 782 essentiale
1677 712 1798 801 prinei·

291 833 399 920 pium,
422 833 479 902 sed
502 840 551 902 est
573 833 618 901 rei
643 832 819 902 essentiale.
845 870 889 884 —
904 833 999 918 Quod
1021 851 1098 899 cero
1121 831 1324 919 dicitquod
1348 830 1529 899 universale
1552 836 1601 899 εει
1623 848 1700 917 pars
1715 830 1797 898 deh-

291 949 438 1031 nitionis,
462 950 553 1031 dico,
577 950 663 1037 quod
685 949 865 1018 universale
888 949 1043 1037 accipitur
1065 967 1124 1036 pro
1147 966 1185 1016 eo
1215 947 1302 1035 qiaod
1325 954 1374 1016 est
1397 946 1499 1034 magis
1532 963 1714 1027 commune,
1739 963 1799 1014 eu·

291 1064 429 1135 iusmodi
452 1073 501 1135 εει
521 1086 638 1155 geum,
655 1066 737 1134 sicut
752 1065 884 1133 calcent
906 1066 1108 1134 communius
1130 1082 1226 1152 quam
1251 1062 1356 1131 homo.
1379 1062 1440 1131 Sed
1464 1062 1582 1130 animal
1599 1060 1798 1143 universale,

292 1188 328 1249 ut
343 1180 418 1249 dicit
430 1181 640 1269 Philosophus
662 1180 823 1269 primodo
844 1181 954 1249 huima
968 1181 998 1262 ¹,
1022 1188 1079 1249 aut
1093 1180 1173 1248 nihil
1189 1187 1248 1262 est,
1263 1186 1320 1250 aut
1334 1178 1502 1267 posterius.
1518 1216 1563 1228 -
1580 1178 1675 1263 roct
1696 1198 1800 1268 poue

291 1297 358 1364 rit:
375 1296 453 1384 quid
476 1304 524 1365 est
546 1296 626 1365 illud
648 1297 735 1384 quod
759 1297 972 1384 praedicatur,
988 1297 1088 1365 etuhi
1111 1303 1184 1364 εειι
1207 1295 1297 1375 dico,
1322 1294 1408 1382 quod
1431 1293 1617 1382 praedicare
1635 1300 1685 1362 est
1699 1300 1798 1361 actus

294 1411 434 1494 auimae;
457 1430 534 1499 ergo
557 1412 736 1481 intellectus
750 1418 799 1481 cst
814 1411 885 1493 ille,
907 1412 963 1499 qui
985 1411 1059 1480 lacit
1071 1410 1336 1499 praedicationem
1353 1409 1403 1479 vol
1420 1409 1679 1497 compositionem
1695 1408 1798 1477 talem

291 1545 349 1612 per
372 1528 524 1615 speciem,
548 1546 645 1615 quiam
669 1527 766 1596 hahet
789 1528 820 1595 in
838 1546 872 1596 se
888 1527 955 1597 sive
978 1527 1198 1608 intentioncm3
1222 1526 1298 1595 huic
1321 1533 1426 1594 umen
1450 1525 1622 1614 respondet
1645 1525 1678 1593 iu
1694 1543 1743 1607 re,
1759 1530 1801 1592 ut

291 1641 411 1711 dictum
435 1650 500 1725 est,
517 1642 570 1711 illa
593 1650 708 1712 natura
731 1644 929 1713 communis:
954 1662 1030 1712 vere
1053 1643 1138 1711 enim
1162 1641 1215 1710 itio
1239 1640 1335 1710 horno
1358 1648 1407 1711 est
1430 1639 1535 1710 ιιοειο.

379 1758 425 1826 hd
451 1760 500 1825 ll.
525 1758 715 1841 dicendum,
739 1758 825 1847 quod
848 1758 969 1847 species
992 1758 1188 1828 substantiae
1211 1765 1286 1827 suut
1308 1757 1340 1825 iu
1365 1756 1545 1839 intellectu,
1568 1764 1601 1826 et
1633 1775 1797 1844 suppona-

291 1874 372 1942 ιιιπ3
394 1873 436 1941 ad
458 1891 631 1961 praesens,
654 1875 740 1963 quod
765 1875 828 1945 siut
849 1882 998 1963 acceptae
1020 1895 1040 1943 a
1063 1893 1158 1944 scnsu
1181 1882 1213 1944 ot
1235 1874 1450 1961 postmodum,
1474 1873 1633 1942 mediante
1655 1873 1794 1961 phanta-

291 1997 408 2071 smata,
424 1989 525 2059 sactae
541 1990 604 2058 sint
620 1990 651 2058 in
667 1990 839 2060 intellectu.
856 1991 1133 2078 Quemadmodum
1149 1991 1233 2059 enim
1250 1990 1404 2059 occidero
1420 2009 1482 2059 non
1497 1996 1546 2059 εει
1561 1990 1629 2059 sine
1644 1990 1794 2059 snbstan-

292 2104 336 2172 tia
360 2105 566 2180 naturaliter.
589 2105 646 2174 sed
670 2107 701 2174 in
725 2107 903 2175 substantia
925 2113 1122 2176 sustentatur
1136 2098 1154 2187 ,⁴
1168 2106 1211 2174 ita
1233 2106 1356 2194 speeies
1378 2123 1506 2194 quoquo
1528 2105 1701 2175 adsidentis
1726 2123 1791 2173 non

290 2227 338 2289 εει
361 2219 428 2289 sine
444 2220 549 2308 speeie
572 2220 783 2302 substantiae,
808 2221 906 2289 immo
929 2222 961 2290 in
984 2222 1052 2309 ipsa
1075 2222 1238 2290 tundatur.
1270 2223 1305 2291 Et
1332 2222 1415 2291 sicut
1442 2220 1620 2290 substantia
1646 2240 1710 2291 non
1741 2228 1792 2291 est

290 2338 358 2406 sine
373 2337 551 2418 accidente,
575 2337 674 2406 immo
689 2339 925 2426 quodammodo
948 2338 1166 2408 accidentibus
1181 2339 1327 2421 vestitur,
1343 2338 1386 2406 ita
1401 2336 1577 2407 similitudo
1592 2336 1797 2407 substantiae

291 2451 463 2522 involvitur
485 2452 722 2540 quodammodo
744 2454 951 2523 similitudine
973 2454 1193 2523 accidentish
1219 2472 1254 2522 re
1278 2454 1386 2542 igitur,
1410 2460 1507 2541 prout
1528 2452 1625 2522 hahet
1647 2453 1715 2522 vim
1735 2453 1797 2523 dil·

290 2569 445 2649 lusivam,
468 2568 659 2638 diffunditur
682 2575 713 2639 et
735 2577 863 2639 emanat
885 2571 952 2639 sivo
975 2571 1152 2658 originatur
1175 2571 1298 2660 species
1320 2578 1353 2640 ει
1376 2570 1571 2640 substantiae
1594 2577 1626 2640 et
1647 2570 1797 2641 acciden-

291 2684 331 2753 tis
354 2691 387 2753 ot
409 2683 445 2753 ut
468 2683 500 2753 in
522 2703 629 2754 sensu.
652 2686 713 2755 Sed
736 2704 850 2756 sensus
865 2725 909 2736 -
924 2686 1000 2774 quia
1015 2705 1078 2754 non
1094 2686 1262 2755 ordinatur
1277 2686 1319 2755 ad
1335 2686 1574 2774 percipiendum
1598 2685 1730 2774 nequc⁴
1749 2687 1795 2756 ad

290 2800 597 2888 apprehendendum
620 2801 845 2884 substantiam,
861 2802 917 2870 sed
940 2802 1088 2871 accidens
1103 2840 1148 2852 —
1163 2802 1278 2889 accipit
1293 2802 1432 2890 speciem
1447 2802 1634 2884 accidentis,
1649 2820 1715 2870 non
1731 2802 1797 2873 nisi
1829 2829 1832 2833 ¹

290 2922 456 3004 praesente
478 2915 621 2998 ohieoto;
643 2917 812 3006 phantasia
833 2924 940 2986 autem
966 2917 997 2985 id
1020 2918 1126 3005 ipsum
1150 2918 1264 3004 accipit
1286 2925 1318 2987 et
1340 2917 1471 3001 retinet,
1494 2918 1618 2988 ohiocto
1648 2917 1796 2988 ahsente.

291 3032 352 3100 Sed
375 3039 447 3120 post
475 3050 518 3101 ox
541 3033 707 3120 phantasia
730 3033 843 3102 transit
866 3033 975 3102 illius⁶
999 3033 1176 3102 similitudo
1198 3034 1239 3102 ad
1264 3032 1475 3115 intellectum,
1497 3040 1530 3103 et
1551 3035 1628 3123 quia
1649 3033 1692 3103 ad
1715 3052 1796 3103 eum

291 3148 445 3234 pertinet,
467 3148 582 3235 accipit
604 3148 742 3236 speciem
766 3148 970 3217 substantiae.
996 3150 1077 3236 Ergo
1099 3149 1221 3236 species
1244 3149 1441 3218 substantiae
1456 3156 1506 3218 est
1529 3149 1561 3218 in
1584 3166 1681 3220 sensu
1703 3159 1736 3220 ot
1760 3152 1796 3220 in

292 3262 475 3349 phantasia,
500 3264 556 3332 sed
579 3282 642 3332 non
665 3272 701 3333 ut
725 3272 849 3333 sensata
873 3272 904 3334 et
929 3248 1120 3353 imaginata;
1142 3271 1191 3335 εει
1214 3274 1318 3334 tamen
1350 3265 1430 3334 illud
1464 3265 1552 3354 quod
1574 3275 1624 3337 est
1656 3269 1798 3338 umtcria

292 3378 500 3466 intelligendi,
524 3385 560 3448 ut
582 3398 682 3468 supra
704 3380 826 3450 dictum
849 3388 906 3450 εει.

380 3495 425 3562 lld
452 3497 502 3563 la.
525 3494 707 3576 dicendum,
720 3497 805 3584 quod
829 3496 990 3565 illud‘non
1007 3495 1193 3584 intelligitur
1216 3498 1257 3566 dc
1276 3499 1382 3587 prima
1396 3516 1495 3569 causa
1508 3498 1716 3587 oirnplioiter,
1732 3502 1796 3571 κά

290 3610 330 3678 de
354 3610 458 3698 prima
480 3630 577 3680 causa
600 3611 636 3679 ic
655 3632 784 3701 genere,
800 3619 897 3700 prout
912 3612 987 3681 dicit
1004 3613 1213 3700 Philosophus
1227 3614 1258 3682 in
1275 3613 1380 3701 primo
1396 3615 1602 3702 physicorum
1617 3615 1644 3684 ⁶:
1667 3616 1797 3689 «lunc

291 3726 487 3795 arbitramur
521 3745 711 3814 cognoscere
745 3729 1020 3817 unumquodque,
1043 3748 1116 3798 curn
1153 3748 1266 3798 causas
1296 3748 1524 3817 cognoscamus
1558 3732 1712 3819 primas»
1730 3740 1795 3805 etc.

291 3842 403 3910 -Vel
426 3843 453 3911 si
475 3843 517 3911 dc
540 3843 644 3931 prima
666 3862 763 3913 causa
785 3844 970 3932 simpliciter
994 3844 1198 3932 intelligatur,
1223 3852 1299 3915 tnnc
1321 3846 1494 3916 dicandum
1520 3854 1591 3929 est,
1618 3848 1707 3936 quod
1744 3869 1798 3920 co

292 3958 378 4045 gnita
394 3958 569 4046 quidditato
592 3960 824 4049 cuiuscumque
839 3960 1044 4042 substantiae,
1060 3961 1329 4030 dernonstrative'
1346 3963 1547 4050 cognoscitur
1562 3964 1667 4052 prima
1681 3982 1798 4050 carisa,

290 4075 367 4162 qrria
389 4075 493 4144 omnis
515 4076 692 4147 substantio
714 4077 803 4145 ducit
834 4076 865 4144 in
889 4077 1099 4165 cognitionem
1133 4078 1257 4165 primae
1280 4097 1409 4160 causac,
1440 4087 1473 4149 ει
1495 4080 1567 4150 idco
1590 4080 1621 4149 in
1645 4070 1798 4170 quolihht

292 4191 416 4278 cognito
439 4193 649 4279 cognoscitur.
671 4232 716 4243 —
739 4193 795 4262 Vel
818 4193 913 4263 etiam
937 4201 1040 4280 potest
1062 4193 1146 4275 dici,
1171 4201 1208 4263 ut
1229 4195 1429 4282 praedictum
1452 4203 1515 4279 est,
1529 4197 1617 4285 quod
1632 4201 1798 4286 cognosci

292 4315 346 4375 tur
370 4326 431 4375 non
456 4326 513 4395 per
535 4309 667 4377 modum
691 4309 803 4377 obiecti
827 4308 1005 4399 quictoaatis
1028 4310 1078 4378 vel
1103 4310 1319 4393 terminantis,
1350 4312 1440 4398 quasi
1474 4311 1517 4380 ihi
1552 4312 1670 4400 figatur
1704 4333 1799 4404 aspe-

292 4430 362 4493 ctus
386 4424 605 4511 intelligentis,
630 4426 686 4494 scd
709 4425 784 4514 quia
807 4424 973 4513 attingitur
995 4443 1053 4513 per
1077 4425 1209 4494 modum
1233 4426 1346 4496 ohiecti
1370 4428 1521 4496 (lucentio
1544 4429 1595 4499 vel
1620 4431 1796 4501 moventis.

383 4656 390 4694 ¹
411 4657 481 4712 tlhr.
500 4657 518 4711 l.
538 4657 571 4711 de
590 4656 700 4723 hulmo,
720 4661 779 4711 text
799 4658 823 4709 S.
843 4682 879 4696 -
897 4656 976 4711 Panlo
995 4658 1060 4711 luha
1079 4666 1139 4712 unte
1157 4660 1289 4728 tuaquom
1307 4656 1356 4713 BC
1374 4658 1476 4713 addunt
1492 4658 1539 4714 rei.

382 4757 393 4792 ²
412 4758 485 4810 Text.
506 4758 531 4809 8.

380 4855 393 4892 ³
411 4857 430 4908 ll
448 4868 644 4925 supportemus.
664 4855 721 4908 llor
740 4868 790 4921 pro
807 4853 862 4915 sict
879 4854 899 4908 C
918 4857 991 4922 erim,
1011 4861 1038 4909 et
1056 4853 1151 4909 delude
1169 4853 1347 4911 occupatum
1365 4869 1414 4922 pro
1432 4853 1584 4911 cecideratis.

380 4953 391 4989 ⁴
411 4955 430 5006 u
448 4953 520 5021 eice,
541 4959 568 5007 et
586 4952 682 5008 delude
700 4954 795 5007 omittlt
811 4954 872 5022 poet
890 4958 949 5006 unua
967 4966 1003 5008 ec
1017 4951 1174 5023 phantasia.

381 5053 393 5089 ⁵
411 5052 431 5107 C
449 5051 611 5107 huiuamodi.

381 5152 393 5187 ⁶
413 5152 484 5205 Text
507 5153 530 5205 ι.
549 5178 585 5191 -
602 5152 629 5204 ln
648 5167 702 5220 quo
721 5156 790 5205 textu
811 5165 859 5217 pro
877 5163 1072 5220 cognoscamus
1091 5149 1139 5205 BC
1158 5149 1352 5221 mgnoseimua.

381 5248 393 5285 ⁷
411 5248 431 5303 C
449 5248 481 5305 de
499 5248 652 5305 necessitate
671 5264 719 5317 pro
737 5246 953 5306 demoushulice.
973 5249 1052 5302 Paulo
1070 5250 1136 5303 intra
1155 5265 1204 5317 pro
1222 5248 1328 5320 coguito
1347 5249 1367 5302 ll
1385 5262 1416 5304 re
1434 5246 1580 5319 recognita
